@article{Narayanaswamy2016,
    title = {{A component library framework for deriving kinetic mechanisms for multi-component fuel surrogates: Application for jet fuel surrogates}},
    year = {2016},
    journal = {Combustion and Flame},
    author = {Narayanaswamy, Krithika and Pitsch, Heinz and Pepiot, Perrine},
    pages = {288--309},
    volume = {165},
    publisher = {Elsevier Inc.},
    doi = {10.1016/j.combustflame.2015.12.013},
    issn = {00102180},
    keywords = {Chemical kinetic mechanism, Component library framework, Jet fuel surrogate, Methylcyclohexane, Substituted aromatics, n-Dodecane}
}

@article{Curran2002,
    title = {{A comprehensive modeling study of iso-octane oxidation}},
    year = {2002},
    journal = {Combustion and Flame},
    author = {Curran, H. J. and Gaffuri, P. and Pitz, W. J. and Westbrook, C. K.},
    number = {3},
    pages = {253--280},
    volume = {129},
    isbn = {0010-2180},
    doi = {10.1016/S0010-2180(01)00373-X},
    issn = {00102180}
}

@incollection{Tennekes1972,
    title = {{A First Course in Turbulence}},
    year = {1972},
    booktitle = {A First Course in Turbulence},
    author = {Tennekes, H. and Lumley, J.L.},
    chapter = {1-2},
    pages = {1--58},
    publisher = {MIT Press}
}

@article{Dooley2010,
    title = {{A jet fuel surrogate formulated by real fuel properties}},
    year = {2010},
    journal = {Combustion and Flame},
    author = {Dooley, Stephen and Won, Sang Hee and Chaos, Marcos and Heyne, Joshua and Ju, Yiguang and Dryer, Frederick L. and Kumar, Kamal and Sung, Chih Jen and Wang, Haowei and Oehlschlaeger, Matthew A. and Santoro, Robert J. and Litzinger, Thomas A.},
    number = {12},
    pages = {2333--2339},
    volume = {157},
    publisher = {The Combustion Institute.},
    url = {http://dx.doi.org/10.1016/j.combustflame.2010.07.001},
    isbn = {0010-2180},
    doi = {10.1016/j.combustflame.2010.07.001},
    issn = {00102180},
    keywords = {Combustion jet-A, Fuel properties, Group additivity, Jet fuel, Kinetic model, Surrogate formulation}
}

@article{Birouk2001,
    title = {{A new correlation for turbulent mass transfer from liquid droplets}},
    year = {2001},
    journal = {International Journal of Heat and Mass Transfer},
    author = {Birouk, Madjid and G{\"{o}}kalp, Iskender},
    number = {1},
    pages = {37--45},
    volume = {45},
    doi = {10.1016/S0017-9310(01)00120-X},
    issn = {00179310},
    keywords = {Droplet vaporization, Isotropic turbulence, LDV, Mass transfer}
}

@article{Birouk2001b,
    title = {{A new correlation for turbulent mass transfer from liquid droplets}},
    year = {2001},
    journal = {International Journal of Heat and Mass Transfer},
    author = {Birouk, Madjid and G{\"{o}}kalp, Iskender},
    number = {1},
    pages = {37--45},
    volume = {45},
    doi = {10.1016/S0017-9310(01)00120-X},
    issn = {00179310},
    keywords = {Droplet vaporization, Isotropic turbulence, LDV, Mass transfer}
}

@article{Hawkes2012,
    title = {{A petascale direct numerical simulation study of the modelling of flame wrinkling for large-eddy simulations in intense turbulence}},
    year = {2012},
    journal = {Combustion and Flame},
    author = {Hawkes, Evatt R. and Chatakonda, Obulesu and Kolla, Hemanth and Kerstein, Alan R. and Chen, Jacqueline H.},
    number = {8},
    month = {8},
    pages = {2690--2703},
    volume = {159},
    publisher = {The Combustion Institute.},
    doi = {10.1016/j.combustflame.2011.11.020},
    issn = {00102180},
    keywords = {direct numerical simulation}
}

@article{Katre2013,
    title = {{A Review Of Laminar Burning Velocity Of Gases And Liquid Fuels}},
    year = {2013},
    journal = {International Journal of Computational Engineering Research},
    author = {Katre, Vaishali and Bhele, S.K.},
    number = {7},
    pages = {33--38},
    volume = {3},
    keywords = {bunsen burner, burning velocity, flame front, flame speed}
}

@article{Held1997,
    title = {{A Semi-Empirical Reaction Mechanism for n-Heptane Oxidation and Pyrolysis}},
    year = {1997},
    journal = {Combustion Science and Technology},
    author = {Held, T. J. and Marchese, A. J. and Dryer, F. L.},
    number = {1-6},
    pages = {107--146},
    volume = {123}
}

@article{Hartford1978,
    title = {{Account of Mainstream Turbulence for Predicting Film Cooling Effectiveness in Gas Turbine Combustors Account of Mainstream Turbulence for Predicting Film Cooling Effectiveness in Gas Turbine Combustors}},
    year = {1978},
    author = {Hartford, East}
}

@article{Epstein2012,
    title = {{Aircraft engines’ needs from combustion science and engineering}},
    year = {2012},
    journal = {Combustion and Flame},
    author = {Epstein, Alan H.},
    number = {5},
    pages = {1791--1792},
    volume = {159},
    doi = {10.1016/j.combustflame.2012.02.022},
    issn = {00102180}
}

@article{Truman2007,
    title = {{Analysis of a shrink-fit failure on a gear hub/shaft assembly}},
    year = {2007},
    journal = {Engineering Failure Analysis},
    author = {Truman, C.E. and Booker, J.D.},
    number = {4},
    month = {6},
    pages = {557--572},
    volume = {14},
    url = {http://www.sciencedirect.com/science/article/pii/S1350630706000665},
    doi = {10.1016/j.engfailanal.2006.03.008},
    issn = {13506307},
    keywords = {Fretting failure, Micro-slip, Residual stress, Shrink-fit}
}

@article{Halter2009,
    title = {{Analysis of flame surface density measurements in turbulent premixed combustion}},
    year = {2009},
    journal = {Combustion and Flame},
    author = {Halter, Fabien and Chauveau, Christian and G{\"{o}}kalp, Iskender and Veynante, Denis},
    number = {3},
    pages = {657--664},
    volume = {156},
    keywords = {Flame surface density, Turbulent premixed flame}
}

@article{Amato2014,
    title = {{Analysis of flamelet leading point dynamics in an inhomogeneous flow}},
    year = {2014},
    journal = {Combustion and Flame},
    author = {Amato, Alberto and Lieuwen, Timothy C.},
    number = {5},
    month = {5},
    pages = {1337--1347},
    volume = {161},
    publisher = {The Combustion Institute.},
    doi = {10.1016/j.combustflame.2013.11.013},
    issn = {00102180}
}

@book{Lefebvre1989,
    title = {{Atomization and sprays}},
    year = {1989},
    author = {Lefebvre, Arthur H.},
    edition = {1},
    publisher = {Taylor and Francis},
    address = {New York}
}

@misc{Arrowsmith1990,
    title = {{Atomization and Sprays.}},
    year = {1990},
    booktitle = {Chemical Engineering Science},
    author = {Arrowsmith, A.},
    number = {5},
    pages = {1435},
    volume = {45}
}

@article{Wang2012,
    title = {{Autoignition studies of conventional and Fischer-Tropsch jet fuels}},
    year = {2012},
    journal = {Fuel},
    author = {Wang, Haowei and Oehlschlaeger, Matthew A.},
    pages = {249--258},
    volume = {98},
    publisher = {Elsevier Ltd},
    url = {http://dx.doi.org/10.1016/j.fuel.2012.03.041},
    isbn = {0016-2361},
    doi = {10.1016/j.fuel.2012.03.041},
    issn = {00162361},
    keywords = {Autoignition, Jet fuels, Shock tube}
}

@inproceedings{Savard2014a,
    title = {{Broken Reaction Zone and Differential Diffusion Effects in a High Karlovitz n-C7H16 Premixed Turbulent Flame}},
    year = {2014},
    booktitle = {Western States Section of the Combustion Institute},
    author = {Savard, Bruno and Blanquart, Guillaume},
    pages = {1--16}
}

@article{Savard2015,
    title = {{Broken reaction zone and differential diffusion effects in high Karlovitz n-C7H16 premixed turbulent flames}},
    year = {2015},
    journal = {Combustion and Flame},
    author = {Savard, Bruno and Blanquart, Guillaume},
    number = {5},
    pages = {2020--2033},
    volume = {162},
    publisher = {The Combustion Institute},
    url = {http://dx.doi.org/10.1016/j.combustflame.2014.12.020},
    isbn = {9781632665218},
    doi = {10.1016/j.combustflame.2014.12.020},
    issn = {15562921},
    keywords = {Differential diffusion, High Karlovitz, N-heptane, Reaction zone, Turbulent premixed flames}
}

@article{Wang2015,
    title = {{Burning velocity and statistical flame front structure of turbulent premixed flames at high pressure up to 1.0 MPa}},
    year = {2015},
    journal = {Experimental Thermal and Fluid Science},
    author = {Wang, Jinhua and Yu, Senbin and Zhang, Meng and Jin, Wu and Huang, Zuohua and Chen, Shuang and Kobayashi, Hideaki},
    pages = {196--204},
    volume = {68},
    publisher = {Elsevier Inc.},
    url = {http://dx.doi.org/10.1016/j.expthermflusci.2015.04.015},
    doi = {10.1016/j.expthermflusci.2015.04.015},
    issn = {08941777},
    keywords = {Flame front structure, Flame surface density, High pressure, Turbulent burning velocity}
}

@article{Kobayashi2005,
    title = {{Burning velocity correlation of methane/air turbulent premixed flames at high pressure and high temperature}},
    year = {2005},
    journal = {Proceedings of the Combustion Institute},
    author = {Kobayashi, Hideaki and Seyama, Katsuhiro and Hagiwara, Hirokazu and Ogami, Yasuhiro and Aldredge, Ralph},
    number = {1},
    pages = {827--834},
    volume = {30},
    publisher = {The Combustion Institute},
    url = {http://dx.doi.org/10.1016/j.proci.2004.08.098},
    isbn = {8122217532},
    doi = {10.1016/j.proci.2004.08.098},
    keywords = {High pressure, High temperature, Mean progress variable, Turbulent burning velocity}
}

@article{Kobayashi1996,
    title = {{Burning velocity of turbulent premixed flames in a high-pressure environment}},
    year = {1996},
    journal = {Symposium (International) on Combustion},
    author = {Kobayashi, Hideaki and Tamura, Takashi and Maruta, Kaoru and Niioka, Takashi and Williams, Forman a.},
    number = {1},
    pages = {389--396},
    volume = {26},
    doi = {10.1016/S0082-0784(96)80240-2},
    issn = {00820784}
}

@article{Katta2013,
    title = {{C/H atom ratio in recirculation-zone-supported premixed and nonpremixed flames}},
    year = {2013},
    journal = {Proceedings of the Combustion Institute},
    author = {Katta, Viswanath and Roquemore, William M.},
    number = {1},
    month = {1},
    pages = {1101--1108},
    volume = {34},
    publisher = {The Combustion Institute},
    doi = {10.1016/j.proci.2012.06.033},
    issn = {15407489},
    keywords = {bluff-body flames, laminar flames, preferential diffusion, premixed flames, transport phenomenon}
}

@misc{Goodwin2017,
    title = {{Cantera: An Object-oriented Software Toolkit for Chemical Kinetics, Thermodynamics, and Transport Processes}},
    year = {2017},
    author = {Goodwin, David G. and Moffat, K., Harry and Speth, Raymond L.},
    url = {http://www.cantera.org},
    doi = {10.5281/zenodo.170284}
}

@article{Aleyasin2015,
    title = {{Characteristics of Orifice Jets at Low Reynolds Numbers}},
    year = {2015},
    author = {Aleyasin, Seyed Sobhan and Tachie, Mark Francis},
    pages = {15--18},
    keywords = {axis-switching, orifice nozzles and low, reynolds number, turbulent jet}
}

@article{Zabarnick1993,
    title = {{Chemical kinetic modeling of jet fuel autoxidation and antioxidant chemistry}},
    year = {1993},
    journal = {Industrial {\&} Engineering Chemistry Research},
    author = {Zabarnick, Steven},
    number = {6},
    month = {6},
    pages = {1012--1017},
    volume = {32},
    publisher = {American Chemical Society},
    url = {http://pubs.acs.org/doi/abs/10.1021/ie00018a003},
    doi = {10.1021/ie00018a003},
    issn = {0888-5885}
}

@book{Whitney1968,
    title = {{Chemical Recovery in Alkaline Pulping Processes}},
    year = {1968},
    editor = {Whitney, Roy P.},
    publisher = {TAPPI},
    address = {New Yorrk}
}

@article{Masoudi2000,
    title = {{Collision of a vortex with a vaporizing droplet}},
    year = {2000},
    journal = {International Journal of Multiphase Flow},
    author = {Masoudi, M. and Sirignano, W. a.},
    number = {12},
    pages = {1925--1949},
    volume = {26},
    doi = {10.1016/S0301-9322(99)00107-X},
    issn = {03019322},
    keywords = {Droplet vaporization, Kolmogorov turbulence, Nusselt/Sherwood number, Vortex}
}

@article{Law2007,
    title = {{Combustion at a crossroads: Status and prospects}},
    year = {2007},
    journal = {Proceedings of the Combustion Institute},
    author = {Law, Chung K.},
    pages = {1--29},
    volume = {31 I},
    isbn = {1540-7489},
    doi = {10.1016/j.proci.2006.08.124},
    issn = {15407489},
    keywords = {Bio-nano-info, Canonical formulation, Combustion, Extreme combustion, Laminar flames, Quantitative prediction, Reaction mechanisms, Reduced mechanisms, Research infrastructure, Technology drivers}
}

@article{Howell1996,
    title = {{Combustion of hydrocarbon fuels within porous inert media}},
    year = {1996},
    journal = {Progress in Energy and Combustion Science},
    author = {Howell, J.R. and Hall, M.J. and Ellzey, J.L.},
    number = {2},
    month = {1},
    pages = {121--145},
    volume = {22},
    url = {http://www.sciencedirect.com/science/article/pii/0360128596000019},
    doi = {10.1016/0360-1285(96)00001-9},
    issn = {03601285}
}

@article{Gicquel2003,
    title = {{Combustion of residual steel gases: laminar flame analysis and turbulent flamelet modeling☆}},
    year = {2003},
    journal = {Fuel},
    author = {Gicquel, Olivier and Vervisch, Luc and Joncquet, Guillaume and Labegorre, Bernard and Darabiha, Nasser},
    number = {8},
    month = {5},
    pages = {983--991},
    volume = {82},
    doi = {10.1016/S0016-2361(02)00384-8},
    issn = {00162361},
    keywords = {diffusion flamelet modeling, laminar flame, reynolds averaged navier stokes}
}

@book{Law2006,
    title = {{Combustion Physics}},
    year = {2006},
    author = {Law, C.K.},
    edition = {1},
    pages = {84--140},
    publisher = {Cambridge University Press},
    address = {New York},
    isbn = {9780521870528}
}

@article{Daif1998,
    title = {{Comparison of multicomponent fuel droplet vaporization experiments in forced convection with the Sirignano model}},
    year = {1998},
    journal = {Experimental Thermal and Fluid Science},
    author = {Da{\"{i}}f, a. and Bouaziz, M. and Chesneau, X. and Ali Ch{\'{e}}rif, a.},
    number = {4},
    pages = {282--290},
    volume = {18},
    doi = {10.1016/S0894-1777(98)10035-3},
    issn = {08941777},
    keywords = {Droplet vaporization, Forced convection, Multicomponent fuel, Natural convection, Thermographic infra-red system, Video system}
}

@article{Kheirkhah2015,
    title = {{Consumption speed and burning velocity in counter-gradient and gradient diffusion regimes of turbulent premixed combustion}},
    year = {2015},
    journal = {Combustion and Flame},
    author = {Kheirkhah, Sina and G{\"{u}}lder, Ömer L.},
    number = {4},
    pages = {1422--1439},
    volume = {162},
    publisher = {The Combustion Institute},
    url = {http://dx.doi.org/10.1016/j.combustflame.2014.11.009},
    doi = {10.1016/j.combustflame.2014.11.009},
    issn = {15562921},
    keywords = {Consumption speed, Flame surface density, V-shaped flame}
}

@article{Oliveski2003,
    title = {{Cooling of cylindrical vertical tanks submitted to natural internal convection}},
    year = {2003},
    journal = {International Journal of Heat and Mass Transfer},
    author = {Oliveski, Rejane De Césaro and Krenzinger, Arno and Vielmo, Horácio A},
    number = {11},
    month = {5},
    pages = {2015--2026},
    volume = {46},
    url = {http://www.sciencedirect.com/science/article/pii/S0017931002005082},
    doi = {10.1016/S0017-9310(02)00508-2},
    issn = {00179310}
}

@article{Chen1998,
    title = {{Correlation of flame speed with stretch in turbulent premixed methane/air flames}},
    year = {1998},
    journal = {Symposium (International) on Combustion},
    author = {Chen, Jacqueline H. and Im, Hong G.},
    number = {1},
    pages = {819--826},
    volume = {27},
    doi = {10.1016/S0082-0784(98)80477-3},
    issn = {00820784}
}

@article{Bradley2011,
    title = {{Correlation of turbulent burning velocities of ethanol–air, measured in a fan-stirred bomb up to 1.2MPa}},
    year = {2011},
    journal = {Combustion and Flame},
    author = {Bradley, D. and Lawes, M. and Mansour, M.S.},
    number = {1},
    month = {1},
    pages = {123--138},
    volume = {158},
    doi = {10.1016/j.combustflame.2010.08.001},
    issn = {00102180},
    keywords = {reaction progress variable, turbulent burning velocity}
}

@article{Wang2013,
    title = {{Correlation of turbulent burning velocity for syngas/air mixtures at high pressure up to 1.0MPa}},
    year = {2013},
    journal = {Experimental Thermal and Fluid Science},
    author = {Wang, Jinhua and Zhang, Meng and Xie, Yongliang and Huang, Zuohua and Kudo, Taku and Kobayashi, Hideaki},
    month = {10},
    pages = {90--96},
    volume = {50},
    publisher = {ELSEVIER SCIENCE INC},
    doi = {10.1016/j.expthermflusci.2013.05.008},
    issn = {08941777},
    keywords = {CO2, COMBUSTION, ELEVATED PRESSURES, ENVIRONMENT, HIGH-TEMPERATURE, High pressure, OH-PLIF, PREMIXED FLAMES, SCALE, SPEEDS, Syngas, Turbulent burning velocity}
}

@article{Daniele2012,
    title = {{Correlations for Turbulent Flame Speed of Different Syngas Mixtures at High Pressure and Temperature}},
    year = {2012},
    journal = {Volume 2: Combustion, Fuels and Emissions, Parts A and B},
    author = {Daniele, S. and Jansohn, P.},
    month = {6},
    pages = {1195--1201},
    publisher = {Asme},
    isbn = {978-0-7918-4468-7},
    doi = {10.1115/GT2012-69611},
    keywords = {GT2012-69611}
}

@article{Gu2012,
    title = {{Correlations of vaporization performance of conventional and biofuel sprays in a crossflow heated chamber}},
    year = {2012},
    journal = {International Communications in Heat and Mass Transfer},
    author = {Gu, Xin and Basu, Saptarshi and Kumar, Ranganathan},
    number = {10},
    pages = {1478--1486},
    volume = {39},
    publisher = {Elsevier Ltd},
    url = {http://dx.doi.org/10.1016/j.icheatmasstransfer.2012.10.001},
    doi = {10.1016/j.icheatmasstransfer.2012.10.001},
    issn = {07351933},
    keywords = {Biofuels, Correlation, Mono-dispersed spray, Vaporization performance}
}

@article{Birouk2006,
    title = {{Current status of droplet evaporation in turbulent flows}},
    year = {2006},
    journal = {Progress in Energy and Combustion Science},
    author = {Birouk, Madjid and G{\"{o}}kalp, Iskender},
    number = {4},
    pages = {408--423},
    volume = {32},
    isbn = {03601285},
    doi = {10.1016/j.pecs.2006.05.001},
    issn = {03601285},
    keywords = {Droplet, Heat transfer, Mass transfer, Spray combustion, Turbulence, Vaporization}
}

@article{Birouk2006b,
    title = {{Current status of droplet evaporation in turbulent flows}},
    year = {2006},
    journal = {Progress in Energy and Combustion Science},
    author = {Birouk, Madjid and G{\"{o}}kalp, Iskender},
    number = {4},
    pages = {408--423},
    volume = {32},
    isbn = {03601285},
    doi = {10.1016/j.pecs.2006.05.001},
    issn = {03601285},
    keywords = {Droplet, Heat transfer, Mass transfer, Spray combustion, Turbulence, Vaporization}
}

@article{Simmie2003,
    title = {{Detailed chemical kinetic models for the combustion of hydrocarbon fuels}},
    year = {2003},
    journal = {Progress in Energy and Combustion Science},
    author = {Simmie, John M.},
    number = {6},
    pages = {599--634},
    volume = {29},
    isbn = {0360-1285},
    doi = {10.1016/S0360-1285(03)00060-1},
    issn = {03601285},
    keywords = {Combustion, Hydrocarbons, Ignition, Kinetic modeling, Kinetic modelling, Oxidation}
}

@article{Khalilarya2010,
    title = {{Developing of a New Comprehensive Spark Ignition Engines Code for Heat Loss Analysis within Combustion Chamber Walls}},
    year = {2010},
    journal = {Thermal Science},
    author = {Khalilarya, Shahram and Javadzadeh, Mohammad},
    number = {4},
    pages = {1013--1025},
    volume = {14},
    doi = {10.2298/TSCI10041013K},
    keywords = {combustion chamber, finite, turbulent flame, zero dimensional}
}

@article{Nikolaou2015,
    title = {{Direct Numerical Simulation of Complex Fuel Combustion with Detailed Chemistry: Physical Insight and Mean Reaction Rate Modeling}},
    year = {2015},
    journal = {Combustion Science and Technology},
    author = {Nikolaou, Z. M. and Swaminathan, N.},
    number = {11},
    pages = {1759--1789},
    volume = {187},
    url = {http://www.scopus.com/inward/record.url?eid=2-s2.0-84941595531{\&}partnerID=tZOtx3y1},
    doi = {10.1080/00102202.2015.1064911},
    issn = {0010-2202},
    keywords = {Combustion modeling, Detailed chemistry, Direct numerical simulation, Multi-component, RANS}
}

@article{Verma2016,
    title = {{Does sensitivity of measured scaling exponents for turbulent burning velocity to flame configuration prove lack of generality of notion of turbulent burning velocity?}},
    year = {2016},
    journal = {Combustion and Flame},
    author = {Verma, Salman and Lipatnikov, Andrei N.},
    pages = {77--88},
    volume = {173},
    doi = {10.1016/j.combustflame.2016.08.018},
    issn = {00102180}
}

@article{Verma2016a,
    title = {{Does sensitivity of measured scaling exponents for turbulent burning velocity to flame configuration prove lack of generality of notion of turbulent burning velocity?}},
    year = {2016},
    journal = {Combustion and Flame},
    author = {Verma, Salman and Lipatnikov, Andrei N.},
    pages = {77--88},
    volume = {173},
    doi = {10.1016/j.combustflame.2016.08.018},
    issn = {00102180}
}

@article{AbouAl-Sood2008,
    title = {{Droplet heat and mass transfer in a turbulent hot airstream}},
    year = {2008},
    journal = {International Journal of Heat and Mass Transfer},
    author = {Abou Al-Sood, Maher M. and Birouk, Madjid},
    number = {5-6},
    pages = {1313--1324},
    volume = {51},
    doi = {10.1016/j.ijheatmasstransfer.2007.12.001},
    issn = {00179310},
    keywords = {Airstream, Droplet, Heat and mass transfer, Numerical simulation, Turbulence}
}

@article{Abramzon1989,
    title = {{Droplet vaporization model for spray combustion calculations}},
    year = {1989},
    journal = {International Journal of Heat and Mass Transfer},
    author = {Abramzon, B. and Sirignano, W.a.},
    number = {9},
    pages = {1605--1618},
    volume = {32},
    isbn = {0017-9310},
    doi = {10.1016/0017-9310(89)90043-4},
    issn = {00179310}
}

@article{Katta2011,
    title = {{Dynamic lifted flame in centerbody burner}},
    year = {2011},
    journal = {Proceedings of the Combustion Institute},
    author = {Katta, Viswanath R and Roquemore, William M and Stouffer, Scott and Blunck, David},
    number = {1},
    pages = {1187--1194},
    volume = {33},
    publisher = {Elsevier Inc.},
    doi = {10.1016/j.proci.2010.06.153},
    issn = {1540-7489},
    keywords = {diffusion flame, lifted flame, radiation, recirculation zone, soot}
}

@article{Bonebrake2015,
    title = {{Effect of Turbulent Fluctuations on Radiation Emissions from a Premixed Flame}},
    year = {2015},
    journal = {Western States Section of the Combustion Institute},
    author = {Bonebrake, Jonathan M and Fillo, Aaron J and Blunck, David L}
}

@article{Wu2001,
    title = {{Effects of ambient turbulence and fuel properties on the evaporation rate of single droplets}},
    year = {2001},
    journal = {International Journal of Heat and Mass Transfer},
    author = {Wu, J. S. and Liu, Y. J. and Sheen, H. J.},
    number = {24},
    pages = {4593--4603},
    volume = {44},
    isbn = {0017-9310},
    doi = {10.1016/S0017-9310(01)00108-9},
    issn = {00179310}
}

@inproceedings{Fillo2015,
    title = {{Effects of Fuel Chemistry and Turbulence Intensity on Turbulent Consumption Speed for Large Hydrocarbon Fuels}},
    year = {2015},
    booktitle = {Western States Section of the Combustion Institute},
    author = {Fillo, A.J. and Blunck, D.L.}
}

@article{Tamadonfar2015,
    title = {{Effects of mixture composition and turbulence intensity on flame front structure and burning velocities of premixed turbulent hydrocarbon/air Bunsen flames}},
    year = {2015},
    journal = {Combustion and Flame},
    author = {Tamadonfar, Parsa and G{\"{u}}lder, Ömer L.},
    number = {12},
    pages = {4417--4441},
    volume = {162},
    doi = {10.1016/j.combustflame.2015.08.009},
    issn = {15562921},
    keywords = {Flame front curvature, Flame surface density, Mean flame brush thickness, Mean turbulent flame stretch factor, Premixed turbulent flames, Turbulent burning velocity}
}

@article{Mishra2010,
    title = {{Effects of N2 gas on preheated laminar LPG jet diffusion flame}},
    year = {2010},
    journal = {Energy Conversion and Management},
    author = {Mishra, D P and Kumar, P},
    number = {11},
    pages = {2144--2149},
    volume = {51},
    publisher = {Elsevier Ltd},
    url = {http://www.scopus.com/inward/record.url?eid=2-s2.0-77953913670{\&}partnerID=40{\&}md5=a0d5092d864a98a5236901e65a4e7eaa},
    doi = {10.1016/j.enconman.2010.03.007},
    issn = {01968904 (ISSN)},
    keywords = {Air dilution, Air streams, Base-line conditions, Constant mass, Diffusion, Diffusion Flame, Dilution, Dilution effect, Emission level, Experimental investigations, Flame length, Flame temperatures, Flammability, Fuel concentration, Fuel dilution, Fuel stream, Fuels, Gas temperature, Hydraulics, Induction periods, Inert gases, Jet diffusion flame, LPG jet diffusion flame, NOx emission, Preheated reactants, Reactant temperatures, Reduction, Residence time, Soot, Soot formations, Soot free length fraction, Soot volume fraction}
}

@article{Dunn2013,
    title = {{Effects of preferential transport and strain in bluff body stabilized lean and rich premixed CH4/air flames}},
    year = {2013},
    journal = {Proceedings of the Combustion Institute},
    author = {Dunn, Matthew J. and Barlow, Robert S.},
    number = {1},
    month = {1},
    pages = {1411--1419},
    volume = {34},
    publisher = {The Combustion Institute},
    doi = {10.1016/j.proci.2012.06.070},
    issn = {15407489},
    keywords = {bluff-body flames, differential diffusion, multiscalar di-, preferential transport, turbulent premixed flames}
}

@article{Barlow2012,
    title = {{Effects of preferential transport in turbulent bluff-body-stabilized lean premixed CH4/air flames}},
    year = {2012},
    journal = {Combustion and Flame},
    author = {Barlow, Robert S. and Dunn, Matthew J. and Sweeney, Mark S. and Hochgreb, Simone},
    number = {8},
    month = {8},
    pages = {2563--2575},
    volume = {159},
    publisher = {The Combustion Institute.},
    doi = {10.1016/j.combustflame.2011.11.013},
    issn = {00102180},
    keywords = {turbulent premixed flames}
}

@article{Lipatnikov2010,
    title = {{Effects of premixed flames on turbulence and turbulent scalar transport}},
    year = {2010},
    journal = {Progress in Energy and Combustion Science},
    author = {{a.N. Lipatnikov} and Chomiak, J. and Lipatnikov, a.N. and Chomiak, J.},
    number = {1},
    month = {2},
    pages = {1--102},
    volume = {36},
    publisher = {Elsevier Ltd},
    doi = {10.1016/j.pecs.2009.07.001},
    issn = {03601285},
    keywords = {countergradient transport, flame-generated turbulence, premixed turbulent combustion}
}

@article{Fuller1950,
    title = {{Effects of Vitiation and Pressure on Laminar Flame Speeds of n -Decane}},
    year = {1950},
    author = {Fuller, C C and Gokulakrishnan, P and Klassen, M S}
}

@article{Faeth1983,
    title = {{Evaporation and combustion of sprays}},
    year = {1983},
    journal = {Progress in Energy and Combustion Science},
    author = {Faeth, G.M.},
    number = {1-2},
    month = {1},
    pages = {1--76},
    volume = {9},
    url = {http://www.sciencedirect.com/science/article/pii/0360128583900059},
    doi = {10.1016/0360-1285(83)90005-9},
    issn = {03601285}
}

@article{Wu2003,
    title = {{Evaporation model of a single hydrocarbon fuel droplet due to ambient turbulence at intermediate Reynolds numbers}},
    year = {2003},
    journal = {International Journal of Heat and Mass Transfer},
    author = {Wu, J. S. and Hsu, K. H. and Kuo, P. M. and Sheen, H. J.},
    number = {24},
    pages = {4741--4745},
    volume = {46},
    doi = {10.1016/S0017-9310(03)00297-7},
    issn = {00179310}
}

@inproceedings{Xu,
    title = {{Evidence supporting a simplified approach to modeling high-temperature combustion chemistry}},
    year = {2017},
    booktitle = {10th US National Meeting on Combustion},
    author = {Xu, R. and Wang, H. and Davidson, D. F. and Hanson, R. K. and Bowman, C. T. and Egolfopoulos, F. N.},
    address = {College Park, MD}
}

@article{Cardin2013,
    title = {{Experimental analysis of laser-induced spark ignition of lean turbulent premixed flames: New insight into ignition transition}},
    year = {2013},
    journal = {Combustion and Flame},
    author = {Cardin, Céline and Renou, Bruno and Cabot, Gilles and Boukhalfa, Abdelkrim Mourad},
    number = {8},
    month = {8},
    pages = {1414--1427},
    volume = {160},
    publisher = {The Combustion Institute.},
    doi = {10.1016/j.combustflame.2013.02.026},
    issn = {00102180},
    keywords = {Ignition transition, Lean premixed flame, Minimum ignition energies, Turbulence, laser-induced spark ignition}
}

@article{Biet2008,
    title = {{Experimental and modeling study of the low-temperature oxidation of large alkanes}},
    year = {2008},
    journal = {Energy and Fuels},
    author = {Biet, Joffrey and Hakka, Mohammed Hichem and Warth, Valérie and Glaude, Pierre Alexandre and Battin-Leclerc, Frédérique},
    number = {4},
    pages = {2258--2269},
    volume = {22},
    isbn = {0887-0624},
    doi = {10.1021/ef8000746},
    issn = {08870624},
    arxivId = {0809.1921}
}

@article{Conte2006,
    title = {{Experimental investigation into the effect of reformer gas addition on flame speed and flame front propagation in premixed, homogeneous charge gasoline engines}},
    year = {2006},
    journal = {Combustion and Flame},
    author = {Conte, E and Boulouchos, K},
    number = {1-2},
    month = {7},
    pages = {329--347},
    volume = {146},
    doi = {10.1016/j.combustflame.2006.03.001},
    issn = {00102180},
    keywords = {flame speed, hydrogen, internal combustion engine, reformer gas}
}

@article{Tamadonfar2015a,
    title = {{Experimental investigation of the inner structure of premixed turbulent methane/air flames in the thin reaction zones regime}},
    year = {2015},
    journal = {Combustion and Flame},
    author = {Tamadonfar, Parsa and G{\"{u}}lder, Ömer L.},
    number = {1},
    pages = {115--128},
    volume = {162},
    publisher = {The Combustion Institute},
    url = {http://dx.doi.org/10.1016/j.combustflame.2014.07.001},
    doi = {10.1016/j.combustflame.2014.07.001},
    issn = {15562921},
    keywords = {Flame front thickness, Premixed turbulent combustion, Thin reaction zones regime}
}

@article{Bakali1998,
    title = {{Experimental Study of 1 Atmosphere, Rich, Premixed n -heptane and iso-octane Flames}},
    year = {1998},
    journal = {Combustion Science and Technology},
    author = {Bakali, A. E. and Delfau, J.-L. and Vovelle, C},
    number = {1-6},
    pages = {69--91},
    volume = {140}
}

@article{Kobayashi2002,
    title = {{Experimental study of high-pressure turbulent premixed flames}},
    year = {2002},
    journal = {Experimental Thermal and Fluid Science},
    author = {Kobayashi, H},
    number = {2-4},
    pages = {375--387},
    volume = {26},
    url = {http://linkinghub.elsevier.com/retrieve/pii/S0894177702001498},
    isbn = {8122217532},
    doi = {10.1016/S0894-1777(02)00149-8},
    issn = {08941777},
    keywords = {burning velocity, flame instability, high-pressure combustion, oh-plif, turbulent combustion}
}

@article{Stohr2012,
    title = {{Experimental study of vortex-flame interaction in a gas turbine model combustor}},
    year = {2012},
    journal = {Combustion and Flame},
    author = {St{\"{o}}hr, Michael and Boxx, Isaac and Carter, Campbell D. and Meier, Wolfgang},
    number = {8},
    month = {8},
    pages = {2636--2649},
    volume = {159},
    doi = {10.1016/j.combustflame.2012.03.020},
    issn = {00102180},
    keywords = {gas turbine combustion, precessing vortex core, turbulent swirl flame}
}

@article{Stohr2012b,
    title = {{Experimental study of vortex-flame interaction in a gas turbine model combustor}},
    year = {2012},
    journal = {Combustion and Flame},
    author = {St{\"{o}}hr, Michael and Boxx, Isaac and Carter, Campbell D. and Meier, Wolfgang},
    number = {8},
    month = {8},
    pages = {2636--2649},
    volume = {159},
    doi = {10.1016/j.combustflame.2012.03.020},
    issn = {00102180},
    keywords = {gas turbine combustion, precessing vortex core, turbulent swirl flame}
}

@article{Kobayashi1998,
    title = {{Experimental study on general correlation of turbulent burning velocity at high pressure}},
    year = {1998},
    journal = {Symposium (International) on Combustion},
    author = {Kobayashi, Hideaki and Kawabata, Yasuharu and Maruta, Kaoru},
    number = {1},
    pages = {941--948},
    volume = {27},
    doi = {10.1016/S0082-0784(98)80492-X},
    issn = {00820784}
}

@article{Dong2009,
    title = {{Experimental study on the laminar flame speed of hydrogen/carbon monoxide/air mixtures}},
    year = {2009},
    journal = {Fuel},
    author = {Dong, Chen and Zhou, Qulan and Zhao, Qinxin and Zhang, Yaqing and Xu, Tongmo and Hui, Shien},
    number = {10},
    month = {10},
    pages = {1858--1863},
    volume = {88},
    publisher = {Elsevier Ltd},
    doi = {10.1016/j.fuel.2009.04.024},
    issn = {00162361}
}

@article{Gokulakrishnan2014,
    title = {{Experiments and modeling of propane combustion with vitiation}},
    year = {2014},
    journal = {Combustion and Flame},
    author = {Gokulakrishnan, Ponnuthurai and Fuller, Casey C. and Klassen, Michael S. and Joklik, Richard G. and Kochar, Yash N. and Vaden, Sarah N. and Lieuwen, Timothy C. and Seitzman, Jerry M.},
    number = {8},
    month = {2},
    pages = {2038--2053},
    volume = {161},
    publisher = {The Combustion Institute.},
    doi = {10.1016/j.combustflame.2014.01.024},
    issn = {00102180}
}

@article{Seiser2000,
    title = {{Extinction and autoignition of n-heptane in counterflow configuration}},
    year = {2000},
    journal = {Proceedings of the Combustion Institute},
    author = {Seiser, R. and Pitsch, H. and Seshadri, K. and Pitz, W. J. and Curran, H. J.},
    number = {2},
    pages = {2029--2037},
    volume = {28},
    isbn = {0082-0784},
    doi = {10.1016/S0082-0784(00)80610-4},
    issn = {15407489}
}

@inproceedings{Schlup2017,
    title = {{Extracting length scales of a thermodiffusively unstable laminar flame}},
    year = {2017},
    booktitle = {Proceedings of the 10th US Combustion Meeting},
    author = {Schlup, Jason and Blanquart, Guillaume},
    publisher = {Combustion Institute},
    address = {College Park, MD},
    doi = {Abstract ID: 2LF-0465}
}

@misc{PARSINEJAD2006,
    title = {{FLAME STRUCTURE AND BURNING SPEED OF JP-10 AIR MIXTURES}},
    year = {2006},
    booktitle = {Combustion Science and Technology},
    author = {PARSINEJAD, FARZAN and ARCARI, CHRISTIAN and METGHALCHI*, HAMEED},
    number = {5},
    pages = {975--1000},
    volume = {178},
    doi = {10.1080/00102200500270080},
    issn = {0010-2202}
}

@article{Beerer2013,
    title = {{Flashback and Turbulent Flame Speed Measurements in Hydrogen/Methane Flames Stabilized by a Low-Swirl Injector at Elevated Pressures and Temperatures}},
    year = {2013},
    journal = {Journal of Engineering for Gas Turbines and Power},
    author = {Beerer, David},
    number = {3},
    month = {11},
    pages = {031502},
    volume = {136},
    doi = {10.1115/1.4025636},
    issn = {0742-4795}
}

@article{Zhou2013,
    title = {{Flow field measurements of a series of turbulent premixed and stratified methane/air flames}},
    year = {2013},
    journal = {Combustion and Flame},
    author = {Zhou, Ruigang and Balusamy, Saravanan and Sweeney, Mark S. and Barlow, Robert S. and Hochgreb, Simone},
    number = {10},
    pages = {2017--2028},
    volume = {160},
    publisher = {The Combustion Institute.},
    url = {http://dx.doi.org/10.1016/j.combustflame.2013.04.007},
    doi = {10.1016/j.combustflame.2013.04.007},
    issn = {00102180},
    keywords = {Co-annular bluff body burner, Laser Doppler anemometry, Lean stratified combustion, Particle image velocimetry, Turbulent combustion, Velocity field}
}

@book{Landau1987,
    title = {{Fluid Mechanics}},
    year = {1987},
    booktitle = {Image Rochester NY},
    author = {Landau, L D and Lifshitz, E M},
    editor = {{McGraw-Hill}},
    chapter = {Volume 6 o},
    number = {1},
    pages = {539},
    series = {Course of Theoretical Physics},
    volume = {6},
    publisher = {Pergamon Press},
    url = {http://www.springerlink.com/index/10.1007/b138775},
    isbn = {0080339336},
    doi = {10.1007/b138775},
    issn = {10957103},
    pmid = {21094494},
    arxivId = {1003.3921v1}
}

@article{Brequigny2016,
    title = {{Fuel performances in Spark-Ignition (SI) engines: Impact of flame stretch}},
    year = {2016},
    journal = {Combustion and Flame},
    author = {Brequigny, Pierre and Halter, Fabien and Mouna{\"{i}}m-Rousselle, Christine and Dubois, Thomas},
    pages = {98--112},
    volume = {166},
    doi = {10.1016/j.combustflame.2016.01.005},
    issn = {15562921},
    keywords = {Flame stretch, Premixed combustion, Spark-Ignition engine}
}

@misc{Fristrom1969,
    title = {{Fundamentals of combustion}},
    year = {1969},
    booktitle = {Combustion and Flame},
    author = {Fristrom, R.M.},
    number = {6},
    pages = {657},
    volume = {13},
    issn = {00102180}
}

@misc{Lomax2002,
    title = {{Fundamentals of Computational Fluid Dynamics}},
    year = {2002},
    booktitle = {Applied Mechanics Reviews},
    author = {Lomax, H and Pulliam, TH and Zingg, DW and Kowalewski, TA},
    number = {4},
    pages = {B61},
    volume = {55},
    isbn = {3540416072},
    doi = {10.1115/1.1483340},
    issn = {00036900},
    pmid = {15985570}
}

@book{Incropera2007,
    title = {{Fundamentals of Heat and Mass Transfer}},
    year = {2007},
    booktitle = {Water},
    author = {Incropera, Frank P and DeWitt, David P and Bergman, Theodore L and Lavine, Adrienne S},
    editor = {Incropera, Frank P and Incropera, Frank P Fundamentals Of Heat And Mass Transfer},
    chapter = {Table A1-2},
    pages = {997},
    series = {Dekker Mechanical Engineering},
    volume = {6th},
    publisher = {John Wiley {\&} Sons},
    url = {http://www.osti.gov/energycitations/product.biblio.jsp?osti{\_}id=6008324},
    isbn = {9780471457282},
    doi = {10.1016/j.applthermaleng.2011.03.022},
    issn = {13594311},
    pmid = {2089623},
    arxivId = {1105-}
}

@article{Vagelopoulos1994,
    title = {{Further considerations on the determination of laminar flame speeds with the counterflow twin-flame technique}},
    year = {1994},
    journal = {Symposium (International) on Combustion},
    author = {Vagelopoulos, C.M. and Egolfopoulos, F.N. and Law, C.K.},
    number = {1},
    month = {1},
    pages = {1341--1347},
    volume = {25},
    doi = {10.1016/S0082-0784(06)80776-9},
    issn = {00820784}
}

@article{Ferreira2010,
    title = {{Gas flow analysis in a Kraft recovery boiler}},
    year = {2010},
    journal = {Fuel Processing Technology},
    author = {Ferreira, D. J O and Cardoso, M. and Park, S. W.},
    number = {7},
    pages = {789--798},
    volume = {91},
    doi = {10.1016/j.fuproc.2010.02.015},
    issn = {03783820},
    keywords = {Air supply arrangements, Computational fluid dynamics, Flue gas flow, Kraft recovery boiler, Quaternary air arrangements}
}

@misc{TheMendeleySupportTeam2011b,
    title = {{Getting Started with Mendeley}},
    year = {2011},
    booktitle = {Mendeley Desktop},
    author = {{The Mendeley Support Team}},
    pages = {1--16},
    publisher = {Mendeley Ltd.},
    url = {http://www.mendeley.com},
    address = {London},
    keywords = {Mendeley, how-to, user manual}
}

@misc{TheMendeleySupportTeam2011bb,
    title = {{Getting Started with Mendeley}},
    year = {2011},
    booktitle = {Mendeley Desktop},
    author = {{The Mendeley Support Team}},
    pages = {1--16},
    publisher = {Mendeley Ltd.},
    url = {http://www.mendeley.com},
    address = {London},
    keywords = {Mendeley, how-to, user manual}
}

@article{Lienhard2010,
    title = {{Heat Transfer}},
    year = {2010},
    journal = {Journal of Heat Transfer},
    author = {Lienhard, J H},
    editor = {Lienhard, J H IV and Lienhard, J H V},
    chapter = {13},
    number = {1},
    pages = {198},
    series = {McGraw-Hill Higher Education},
    volume = {82},
    publisher = {Phlogiston Press},
    url = {http://www.ncbi.nlm.nih.gov/pubmed/21128847},
    isbn = {9788776814328},
    doi = {10.1115/1.3246887},
    issn = {15502376},
    pmid = {20866905}
}

@article{Muller-Steinhagen1997,
    title = {{Heat transfer and heat transfer fouling in Kraft black liquor evaporators}},
    year = {1997},
    journal = {Experimental Thermal and Fluid Science},
    author = {M{\"{u}}ller-Steinhagen, H. and Branch, C.a.},
    number = {4},
    pages = {425--437},
    volume = {14},
    isbn = {0894-1777},
    doi = {10.1016/S0894-1777(96)00143-4},
    issn = {08941777},
    keywords = {evaporator fouling, fouling mitigation, kraft black liquor}
}

@article{Bobbitt2014,
    title = {{High Karlovitz n -Heptane premixed flame DNS : Turbulence Transformation}},
    year = {2014},
    author = {Bobbitt, Brock and Blanquart, Guillaume},
    pages = {1--13}
}

@article{Desjardins2008,
    title = {{High order conservative finite difference scheme for variable density low Mach number turbulent flows}},
    year = {2008},
    journal = {Journal of Computational Physics},
    author = {Desjardins, Olivier and Blanquart, Guillaume and Balarac, Guillaume and Pitsch, Heinz},
    number = {15},
    pages = {7125--7159},
    volume = {227},
    isbn = {0021-9991},
    doi = {10.1016/j.jcp.2008.03.027},
    issn = {00219991},
    keywords = {Boundary conditions, Conservative scheme, Cylindrical coordinates, DNS, Energy conservation, Finite difference scheme, High order scheme, LES, Low Mach number, Variable density}
}

@article{Liu2012,
    title = {{High-pressure burning velocities measurements for centrally-ignited premixed methane/air flames interacting with intense near-isotropic turbulence at constant Reynolds numbers}},
    year = {2012},
    journal = {Combustion and Flame},
    author = {Liu, Chien-Chia and Shy, Shenqyang Steven and Peng, Ming-Wei and Chiu, Chien-Wen and Dong, Yi-Chih},
    number = {8},
    month = {8},
    pages = {2608--2619},
    volume = {159},
    publisher = {The Combustion Institute.},
    doi = {10.1016/j.combustflame.2012.04.006},
    issn = {00102180},
    keywords = {high-pressure premixed turbulent}
}

@inproceedings{Xua,
    title = {{HyChem model: Application to petroleum-derived jet fuels}},
    year = {2017},
    booktitle = {10th US National Meeting on Combustion},
    author = {Xu, R. and Chen, D. and Wang, K. and Tao, Y. and Shao, J. K. and Parise, T. and Zhu, Y. and Wang, S. and Zhao, R. and Lee, D. J. and Egolfopoulos, F. N. and Davidson, D. F. and Hanson, R. K. and Bowman, C. T. and Wang, H.},
    address = {College Park, MD}
}

@inproceedings{Fillo2017,
    title = {{Impact of fuel chemistry and stretch rate on the global consumption speed of large hydrocarbon fuel/air flames}},
    year = {2017},
    booktitle = {10th U. S. National Combustion Meeting},
    author = {Fillo, A. J. and Bonebrake, J. M. and Blunck, D. L.},
    publisher = {The Combustion Institute},
    address = {College Park, MD},
    doi = {Abstract ID: 2TF-0268}
}

@article{Brequigny2013,
    title = {{Impact of Fuel Properties and Flame Stretch on the Turbulent Flame Speed in Spark-Ignition Engines}},
    year = {2013},
    author = {Brequigny, Pierre and Mouna{\"{i}}m-rousselle, Christine and Halter, Fabien and Moreau, Bruno and Dubois, Thomas},
    doi = {10.4271/2013-24-0054}
}

@article{Dunstan2012,
    title = {{Influence of flame geometry on turbulent premixed flame propagation: a DNS investigation}},
    year = {2012},
    journal = {Journal of Fluid Mechanics},
    author = {Dunstan, T. D. and Swaminathan, N. and Bray, K. N. C.},
    month = {8},
    pages = {191--222},
    volume = {709},
    doi = {10.1017/jfm.2012.328},
    issn = {0022-1120},
    keywords = {combustion, flames, turbulent reacting flows}
}

@article{HIROMITSU,
    title = {{Influence of flow turbulence on the evaporation rate of a suspended droplet in a hot air flow}},
    journal = {Heat transfer. Japanese research},
    author = {HIROMITSU, N. and KAWAGUCHI, O.},
    number = {8},
    pages = {689--700},
    volume = {24},
    publisher = {Scripta Technica},
    url = {http://cat.inist.fr/?aModele=afficheN{\&}cpsidt=2628939},
    issn = {0096-0802},
    keywords = {Air flow, Boundary layer, Capa l{\'{i}}mite, Couche limite, Droplet, Ecoulement air, Ecoulement turbulent, Etanol, Ethanol, Evaporaci{\'{o}}n, Evaporation, Flujo a{\'{e}}reo, Flujo turbulento, Gotita, Gouttelette, Hidrocarburo, Hydrocarbon, Hydrocarbure, Mass transfer, Transferencia masa, Transfert masse, Turbulent flow},
    language = {eng}
}

@article{Kido2002,
    title = {{Influence of local flame displacement velocity on turbulent burning velocity}},
    year = {2002},
    journal = {Proceedings of the Combustion Institute},
    author = {Kido, Hiroyuki and Nakahara, Masaya and Nakashima, Kenshiro and Hashimoto, Jun},
    number = {2},
    month = {1},
    pages = {1855--1861},
    volume = {29},
    doi = {10.1016/S1540-7489(02)80225-5},
    issn = {15407489}
}

@misc{GouldinF.andCheng2010,
    title = {{International Workshop on Premixed Turbulent Flames}},
    year = {2010},
    booktitle = {International Workshop on Premixed Turbulent Flames},
    author = {Gouldin, F., and Cheng, R. K.},
    url = {http://energy.lbl.gov/aet/combustion/workshop/workshop.html}
}

@book{Adams1988,
    title = {{Kraft Recovery Boiler Physical and Chemical Processes}},
    year = {1988},
    author = {Adams, Terry N. and Frederick, James},
    pages = {43--73},
    publisher = {American Paper Institute},
    address = {New York}
}

@article{Cheng2008,
    title = {{Laboratory Study of Premixed H[sub 2]-Air and H[sub 2]–N[sub 2]-Air Flames in a Low-Swirl Injector for Ultralow Emissions Gas Turbines}},
    year = {2008},
    journal = {Journal of Engineering for Gas Turbines and Power},
    author = {Cheng, R. K. and Littlejohn, D.},
    number = {3},
    pages = {031503},
    volume = {130},
    url = {http://gasturbinespower.asmedigitalcollection.asme.org/article.aspx?articleid=1474334},
    doi = {10.1115/1.2836480},
    issn = {07424795}
}

@article{Tian2010,
    title = {{Laminar Burning Velocities of 2,5-Dimethylfuran Compared with Ethanol and Gasoline}},
    year = {2010},
    journal = {Energy {\&} Fuels},
    author = {Tian, Guohong and Daniel, Ritchie and Li, Haiying and Xu, Hongming and Shuai, Shijing and Richards, Paul},
    number = {7},
    month = {7},
    pages = {3898--3905},
    volume = {24},
    doi = {10.1021/ef100452c},
    issn = {0887-0624}
}

@article{Kumar2011,
    title = {{Laminar flame speeds and extinction limits of conventional and alternative jet fuels}},
    year = {2011},
    journal = {Fuel},
    author = {Kumar, Kamal and Sung, Chih-Jen and Hui, Xin},
    number = {3},
    month = {3},
    pages = {1004--1011},
    volume = {90},
    publisher = {Elsevier Ltd},
    doi = {10.1016/j.fuel.2010.11.022},
    issn = {00162361}
}

@article{Hui2012,
    title = {{Laminar flame speeds and extinction stretch rates of selected aromatic hydrocarbons}},
    year = {2012},
    journal = {Fuel},
    author = {Hui, Xin and Das, Apurba K. and Kumar, Kamal and Sung, Chih-Jen and Dooley, Stephen and Dryer, Frederick L.},
    pages = {695--702},
    volume = {97},
    doi = {10.1016/j.fuel.2012.02.045},
    issn = {00162361}
}

@article{SG1996,
    title = {{Laminar flame speeds and oxidation kinetics of benzene-air and toluene-air flamesNo Title}},
    year = {1996},
    journal = {Proc Combust Inst},
    author = {SG, Davis and H, Wang and K, Brezinsky and CK, Law},
    pages = {1025--1033},
    volume = {26}
}

@article{Davis1998,
    title = {{Laminar flame speeds and oxidation kinetics of iso-octane-air and n-heptane-air flames}},
    year = {1998},
    journal = {Symposium (International) on Combustion},
    author = {Davis, S.G. and Law, C.K.},
    number = {1},
    pages = {521--527},
    volume = {27},
    isbn = {0082-0784},
    doi = {10.1016/S0082-0784(98)80442-6},
    issn = {00820784}
}

@article{Kumar2007,
    title = {{Laminar Flame Speeds of Preheated iso-Octane/O2/N2 and n-Heptane/O2/N2 Mixtures}},
    year = {2007},
    journal = {Journal of Propulsion and Power},
    author = {Kumar, K. and Freeh, J. E. and Sung, C. J. and Huang, Y.},
    number = {2},
    month = {3},
    pages = {428--436},
    volume = {23},
    doi = {10.2514/1.24391},
    issn = {0748-4658}
}

@article{Huang2004,
    title = {{Laminar flame speeds of primary reference fuels and reformer gas mixtures}},
    year = {2004},
    journal = {Combustion and Flame},
    author = {Huang, Y. and Sung, C. J. and Eng, J. a.},
    number = {3},
    pages = {239--251},
    volume = {139},
    isbn = {0010-2180},
    doi = {10.1016/j.combustflame.2004.08.011},
    issn = {00102180},
    keywords = {Laminar flame speed, Premixed combustion}
}

@article{Hui2013,
    title = {{Laminar flame speeds of transportation-relevant hydrocarbons and jet fuels at elevated temperatures and pressures}},
    year = {2013},
    journal = {Fuel},
    author = {Hui, Xin and Sung, Chih-Jen},
    month = {7},
    pages = {191--200},
    volume = {109},
    publisher = {Elsevier Ltd},
    doi = {10.1016/j.fuel.2012.12.084},
    issn = {00162361},
    keywords = {Elevated pressures, Jet fuels, Laminar flame speed, Liquid hydrocarbons}
}

@article{Potturi2015,
    title = {{Large-eddy/Reynolds-averaged Navier-Stokes simulation of cavity-stabilized ethylene combustion}},
    year = {2015},
    journal = {Combustion and Flame},
    author = {Potturi, Amarnatha S. and Edwards, Jack R.},
    number = {4},
    pages = {1176--1192},
    volume = {162},
    publisher = {The Combustion Institute},
    url = {http://dx.doi.org/10.1016/j.combustflame.2014.10.011},
    isbn = {9781624102899},
    doi = {10.1016/j.combustflame.2014.10.011},
    issn = {15562921},
    keywords = {Cavity flameholder, Ethylene combustion, Large-eddy simulation, Scramjets, Supersonic combustion}
}

@article{Philip2012,
    title = {{Large-scale eddies and their role in entrainment in turbulent jets and wakes}},
    year = {2012},
    journal = {Physics of Fluids},
    author = {Philip, Jimmy and Marusic, Ivan},
    number = {5},
    pages = {055108},
    volume = {24},
    doi = {10.1063/1.4719156},
    issn = {10706631}
}

@article{Amato2015,
    title = {{Leading edge statistics of turbulent, lean, H2-air flames}},
    year = {2015},
    journal = {Proceedings of the Combustion Institute},
    author = {Amato, A. and Day, M. and Cheng, R. K. and Bell, J. and Lieuwen, T.},
    number = {2},
    pages = {1313--1320},
    volume = {35},
    publisher = {The Combustion Institute},
    url = {http://dx.doi.org/10.1016/j.proci.2014.05.143},
    doi = {10.1016/j.proci.2014.05.143},
    issn = {15407489},
    keywords = {Flame stretch, Leading points, Premixed flames, Turbulent combustion}
}

@article{Goh2014,
    title = {{Lean premixed opposed jet flames in fractal grid generated multiscale turbulence}},
    year = {2014},
    journal = {Combustion and Flame},
    author = {Goh, K. H H and Geipel, P. and Lindstedt, R. P.},
    number = {9},
    pages = {2419--2434},
    volume = {161},
    publisher = {The Combustion Institute.},
    url = {http://dx.doi.org/10.1016/j.combustflame.2014.03.010},
    doi = {10.1016/j.combustflame.2014.03.010},
    issn = {15562921},
    keywords = {Conditional statistics, Fractal grids, Multiscale turbulence, Opposed jets, Premixed flames}
}

@article{Hemchandra2010,
    title = {{Local consumption speed of turbulent premixed flames – An analysis of “memory effects”}},
    year = {2010},
    journal = {Combustion and Flame},
    author = {Hemchandra, Santosh and Lieuwen, Tim},
    number = {5},
    month = {5},
    pages = {955--965},
    volume = {157},
    publisher = {The Combustion Institute.},
    doi = {10.1016/j.combustflame.2009.10.007},
    issn = {00102180},
    keywords = {flame front kinematics, turbulent flame speed, turbulent premixed flames}
}

@article{Gokalp1992a,
    title = {{Mass transfer from liquid fuel droplets in turbulent flow}},
    year = {1992},
    journal = {Combustion and Flame},
    author = {G{\"{o}}kalp, Iskender and Chauveau, Christian and Simon, Olivier and Chesneau, Xavier},
    number = {3-4},
    month = {6},
    pages = {286--298},
    volume = {89},
    url = {http://www.sciencedirect.com/science/article/pii/001021809290016I},
    doi = {10.1016/0010-2180(92)90016-I},
    issn = {00102180}
}

@article{Gokalp1992ab,
    title = {{Mass transfer from liquid fuel droplets in turbulent flow}},
    year = {1992},
    journal = {Combustion and Flame},
    author = {G{\"{o}}kalp, Iskender and Chauveau, Christian and Simon, Olivier and Chesneau, Xavier},
    number = {3-4},
    month = {6},
    pages = {286--298},
    volume = {89},
    url = {http://www.sciencedirect.com/science/article/pii/001021809290016I},
    doi = {10.1016/0010-2180(92)90016-I},
    issn = {00102180}
}

@article{Ramesh2014,
    title = {{Mathematical Modeling of Drying of Black Liquor Droplets in Recovery Boilers}},
    year = {2014},
    journal = {International Journal of Chemical Engineering and Applications},
    author = {Ramesh, S. and Mahalingam, H. and Rao, N. J.},
    number = {1},
    pages = {1--5},
    volume = {5},
    url = {http://www.ijcea.org/index.php?m=content{\&}c=index{\&}a=show{\&}catid=53{\&}id=666},
    doi = {10.7763/IJCEA.2014.V5.340},
    issn = {20100221}
}

@book{Ferziger1972,
    title = {{Mathematical Theory of Transport Processes in Gases}},
    year = {1972},
    author = {Ferziger, K. H. and Kaper, H. G.},
    publisher = {North-Holland},
    address = {Amsterdam}
}

@article{Filatyev2005,
    title = {{Measured properties of turbulent premixed flames for model assessment, including burning velocities, stretch rates, and surface densities}},
    year = {2005},
    journal = {Combustion and Flame},
    author = {Filatyev, Sergei a. and Driscoll, James F. and Carter, Campbell D. and Donbar, Jeffrey M.},
    number = {1-2},
    month = {4},
    pages = {1--21},
    volume = {141},
    doi = {10.1016/j.combustflame.2004.07.010},
    issn = {00102180},
    keywords = {0010-2180, 1, 2005 the combustion institute, 734, 763-0578, all rights reserved, burning velocity, corresponding author, driscoll, e-mail address, edu, f, fax, j, jamesfd, premixed turbulent flames, published by elsevier inc, see front matter, stretch, umich}
}

@article{Soika1998,
    title = {{Measurement of the resolved flame structure of turbulent premixed flames with constant reynolds number and varied stoichiometry}},
    year = {1998},
    journal = {Symposium (International) on Combustion},
    author = {Soika, Armin and Dinkelacker, Friedrich and Leipertz, Alfred},
    number = {1},
    pages = {785--792},
    volume = {27},
    doi = {10.1016/S0082-0784(98)80473-6},
    issn = {00820784}
}

@inproceedings{Ravi2013,
    title = {{Measurement of Turbulent Flame Propagation Rates of Methane Using a New Facility}},
    year = {2013},
    booktitle = {51st AIAA Aerospace Science Meeting},
    author = {Ravi, Sankaranarayanan and Ruelas, AM and Petersen, EL},
    number = {January},
    pages = {2013--1184},
    address = {Grapevine, Texas}
}

@article{Zhang2014a,
    title = {{Measurement on instantaneous flame front structure of turbulent premixed CH4/H2/air flames Meng}},
    year = {2014},
    journal = {Experimental Thermal and Fluid Science},
    author = {Zhang, Meng and Wang, Jinhua and Xie, Yongliang and Wei, Zhilong and Jin, Wu and Huang, Zuohua and Kobayashi, Hideaki and Wu, Jin and Wei, Zhilong and Huang, Zuohua and Kobayashi, Hideaki},
    month = {1},
    pages = {288--296},
    volume = {52},
    publisher = {Elsevier Inc.},
    url = {http://dx.doi.org/10.1016/j.expthermflusci.2013.10.00 http://www.sciencedirect.com/science/article/pii/S0894177713002331},
    doi = {10.1016/j.expthermflusci.2013.10.002},
    issn = {08941777},
    keywords = {Flame front structure, Flame surface density, Hydrogen addition, OH-PLIF, Syngas oxyfuel combustion, Turbulent burning velocity}
}

@article{Venkateswaran2011,
    title = {{Measurements and analysis of turbulent consumption speeds of H2/CO mixtures}},
    year = {2011},
    journal = {Combustion and Flame},
    author = {Venkateswaran, Prabhakar and Marshall, Andrew and Shin, Dong Hyuk and Noble, David and Seitzman, Jerry and Lieuwen, Tim},
    number = {8},
    month = {8},
    pages = {1602--1614},
    volume = {158},
    publisher = {The Combustion Institute.},
    doi = {10.1016/j.combustflame.2010.12.030},
    issn = {00102180}
}

@article{Bradley2013,
    title = {{Measurements and correlations of turbulent burning velocities over wide ranges of fuels and elevated pressures}},
    year = {2013},
    journal = {Proceedings of the Combustion Institute},
    author = {Bradley, D. and Lawes, M. and Liu, Kexin and Mansour, M.S.},
    number = {1},
    month = {1},
    pages = {1519--1526},
    volume = {34},
    publisher = {The Combustion Institute},
    doi = {10.1016/j.proci.2012.06.060},
    issn = {15407489},
    keywords = {explosion measurements, high pressure, laminar flame instabilities, premixed turbulent flames, turbulent, turbulent burning velocity}
}

@article{Chen2008,
    title = {{Measurements of the heat release rate integral in turbulent premixed stagnation flames with particle image velocimetry}},
    year = {2008},
    journal = {Combustion and Flame},
    author = {Chen, Yung-Cheng and Kim, Munki and Han, Jeongjae and Yun, Sangwook and Yoon, Youngbin},
    number = {3},
    month = {8},
    pages = {434--447},
    volume = {154},
    doi = {10.1016/j.combustflame.2008.04.024},
    issn = {00102180},
    keywords = {heat release, particle imaging velocimetry, premixed flames, swirling impinging jet, turbulent burning velocity}
}

@misc{MendeleySupportTeam2011,
    title = {{Mendeley Guide}},
    year = {2011},
    booktitle = {Mendeley Desktop},
    author = {{Mendeley Support Team}},
    pages = {1--16},
    publisher = {Mendeley Ltd.},
    url = {http://www.mendeley.com},
    doi = {10.1063/1.476396},
    issn = {00219606},
    keywords = {how, mendeley, user manual}
}

@article{Road,
    title = {{MKS Type M100B and M10MB Mass-Flo Meter}},
    author = {Road, Six Shattuck},
    number = {800},
    volume = {2449}
}

@book{Hirschfelder1954,
    title = {{Molecular Theory of Gases and Liquids}},
    year = {1954},
    author = {Hirschfelder, J. O. and Curtiss, C. F. and Bird, R. B.},
    publisher = {Wiley},
    address = {New York}
}

@article{Lipatnikov2005,
    title = {{Molecular transport effects on turbulent flame propagation and structure}},
    year = {2005},
    journal = {Progress in Energy and Combustion Science},
    author = {Lipatnikov, a.N. and Chomiak, J. and {a.N. Lipatnikov} and Chomiak, J.},
    number = {1},
    month = {1},
    pages = {1--73},
    volume = {31},
    doi = {10.1016/j.pecs.2004.07.001},
    issn = {03601285},
    keywords = {critical conditions, extinction, flame instabilities, leading, lewis number, markstein number, premixed turbulent combustion}
}

@misc{GouldinF.andCheng2010b,
    title = {{No Title}},
    year = {2010},
    booktitle = {International Workshop on Premixed Tur- bulent Flames},
    author = {Gouldin, F., and Cheng, R. K.},
    url = {http://energy.lbl.gov/aet/combustion/workshop/workshop.html}
}

@misc{Nelson2016,
    title = {{Personal Communication}},
    year = {2016},
    author = {Nelson, David},
    publisher = {International Paper},
    address = {Springfield, OR}
}

@article{Priesching2014,
    title = {{Premixed IC Engine Combustion Simulation Applying a Novel Type of Flame Tracking Approach 3 Modeling of Premixed Combustion}},
    year = {2014},
    author = {Priesching, P and Gmbh, A V L List},
    pages = {1--6}
}

@article{Marshall2012,
    title = {{Pressure Effects on the Turbulent Consumption Speeds of High H2 Mixtures}},
    year = {2012},
    author = {Marshall, Andrew D and Seitzman, Jerry M and Lieuwen, Tim C},
    pages = {1--11}
}

@inproceedings{Marshall2012a,
    title = {{Pressure Effects on the Turbulent Consumption Speeds of High H2 Mixtures}},
    year = {2012},
    booktitle = {Volume 2: Combustion, Fuels and Emissions, Parts A and B},
    author = {Marshall, Andrew D. and Venkateswaran, Prabhakar and Seitzman, Jerry M. and Lieuwen, Tim C.},
    month = {6},
    pages = {231},
    publisher = {ASME},
    url = {http://proceedings.asmedigitalcollection.asme.org/proceeding.aspx?doi=10.1115/GT2012-68305},
    isbn = {978-0-7918-4468-7},
    doi = {10.1115/GT2012-68305},
    keywords = {Pressure, Turbulence}
}

@article{Wu2015,
    title = {{Propagation speeds of expanding turbulent flames of C4 to C8 n-alkanes at elevated pressures: Experimental determination, fuel similarity, and stretch-affected local extinction}},
    year = {2015},
    journal = {Proceedings of the Combustion Institute},
    author = {Wu, Fujia and Saha, Abhishek and Chaudhuri, Swetaprovo and Law, Chung K.},
    number = {2},
    pages = {1501--1508},
    volume = {35},
    publisher = {The Combustion Institute},
    url = {http://dx.doi.org/10.1016/j.proci.2014.07.070},
    doi = {10.1016/j.proci.2014.07.070},
    issn = {15407489},
    keywords = {Flame speed scaling, Fuel similarity, Spherical flame, Turbulent flame, n-Alkanes}
}

@book{Halpern1981,
    title = {{Pulp Mill Processes: Developments Since 1977}},
    year = {1981},
    editor = {Halpern, M.G.},
    publisher = {Noyes Data Corporation},
    isbn = {0815508719}
}

@article{Rankin2014,
    title = {{Radiation intensity imaging measurements of methane and dimethyl ether turbulent nonpremixed and partially premixed jet flames}},
    year = {2014},
    author = {Rankin, Brent A and Magnotti, Gaetano and Barlow, Robert S and Gore, Jay P},
    number = {11},
    volume = {161},
    publisher = {The Combustion Institute.},
    doi = {10.1016/j.combustflame.2014.04.019},
    issn = {0010-2180}
}

@article{Ochimizu1999,
    title = {{Rate Constants for the Reactions of CN with C6 – C8 Unsaturated Hydrocarbons : The Relations Between the Reaction Rates and the Molecular Lengths}},
    year = {1999},
    journal = {Chemical Physics Letters},
    author = {Ochimizu, Tomoki and Seki, Kanekazu and Yagi, Mikio and Halpern, Joshua B and Okabe, Hideo},
    number = {313},
    pages = {451--455},
    keywords = {451, 455, c 6, c 8 unsaturated, chemical physics letters 313, cplett, elsevier, nl r locate r, november 1999, rate constants for the, reactions of cn with, www, {\v{z}} 1999}
}

@article{Briones,
    title = {{Reacting Flows in Ultra-Compact Combustors with Combined-Diffuser Flameholder}},
    journal = {Journal of Propulsion and Power},
    author = {Briones, Alejandro M. and Sekar, Balu and Blunck, David and Thornburg, Hugh and Erdmann, Timothy and Shouse, Dale T.}
}

@article{Tran1992,
    title = {{Recovery boiler fireside deposits and plugging prevention}},
    year = {1992},
    journal = {TAPPI Kraft Recovery},
    author = {Tran, Honghi},
    pages = {209--218},
    isbn = {9781605600635}
}

@article{Goh2012,
    title = {{Regime transition from premixed to flameless oxidation in turbulent JP-10 flames}},
    year = {2012},
    journal = {Proceedings of the Combustion Institute},
    author = {Goh, K H H and Geipel, P and Hampp, F and Lindstedt, R P},
    publisher = {The Combustion Institute},
    doi = {10.1016/j.proci.2012.06.173},
    issn = {1540-7489},
    keywords = {flameless oxidation, fractal grids, jp-10, opposed jets, piv}
}

@article{Sankaran2015,
    title = {{Response of flame thickness and propagation speed under intense turbulence in spatially developing lean premixed methane-air jet flames}},
    year = {2015},
    journal = {Combustion and Flame},
    author = {Sankaran, Ramanan and Hawkes, Evatt R. and Yoo, Chun Sang and Chen, Jacqueline H.},
    number = {9},
    pages = {3294--3306},
    volume = {162},
    publisher = {The Combustion Institute},
    url = {http://dx.doi.org/10.1016/j.combustflame.2015.05.019},
    doi = {10.1016/j.combustflame.2015.05.019},
    issn = {00102180},
    keywords = {Direct numerical simulation, Flame speed, Lean premixed, Natural gas, Thin reaction zones, Turbulent combustion}
}

@article{Sankaran2015a,
    title = {{Response of flame thickness and propagation speed under intense turbulence in spatially developing lean premixed methane-air jet flames}},
    year = {2015},
    journal = {Combustion and Flame},
    author = {Sankaran, Ramanan and Hawkes, Evatt R. and Yoo, Chun Sang and Chen, Jacqueline H.},
    number = {9},
    pages = {3294--3306},
    volume = {162},
    publisher = {The Combustion Institute},
    url = {http://dx.doi.org/10.1016/j.combustflame.2015.05.019},
    doi = {10.1016/j.combustflame.2015.05.019},
    issn = {00102180},
    keywords = {Direct numerical simulation, Flame speed, Lean premixed, Natural gas, Thin reaction zones, Turbulent combustion}
}

@article{Zalba2003,
    title = {{Review on thermal energy storage with phase change: materials, heat transfer analysis and applications}},
    year = {2003},
    journal = {Applied Thermal Engineering},
    author = {Zalba, B},
    chapter = {251},
    number = {3},
    pages = {251--283},
    volume = {23},
    publisher = {Elsevier},
    url = {http://linkinghub.elsevier.com/retrieve/pii/S1359431102001928},
    isbn = {3497370274},
    doi = {10.1016/S1359-4311(02)00192-8},
    issn = {13594311},
    arxivId = {1008.0209v1},
    keywords = {ADEL, TES, heat transfer, latent thermal energy storage, ltes, pcm, phase change materials}
}

@article{Lawn2006,
    title = {{Scaling of premixed turbulent flames in the corrugated regime}},
    year = {2006},
    journal = {Combustion and Flame},
    author = {Lawn, C. J. and Schefer, R. W.},
    number = {1-2},
    pages = {180--199},
    volume = {146},
    doi = {10.1016/j.combustflame.2006.03.010},
    issn = {00102180},
    keywords = {Consumption speed, Flame surface density, Methane/hydrogen, Premixed}
}

@article{Venkateswaran2015,
    title = {{Scaling turbulent flame speeds of negative Markstein length fuel blends using leading points concepts}},
    year = {2015},
    journal = {Combustion and Flame},
    author = {Venkateswaran, Prabhakar and Marshall, Andrew and Seitzman, Jerry and Lieuwen, Tim},
    number = {2},
    pages = {375--387},
    volume = {162},
    isbn = {9781627488426},
    doi = {10.1016/j.combustflame.2014.07.028},
    issn = {15562921},
    keywords = {Leading points, Negative Markstein length, Pressure, Stretch effects, Turbulent flame speed}
}

@article{Venkateswaran2015a,
    title = {{Scaling turbulent flame speeds of negative Markstein length fuel blends using leading points concepts}},
    year = {2015},
    journal = {Combustion and Flame},
    author = {Venkateswaran, Prabhakar and Marshall, Andrew and Seitzman, Jerry and Lieuwen, Tim},
    number = {2},
    pages = {375--387},
    volume = {162},
    publisher = {The Combustion Institute},
    url = {http://dx.doi.org/10.1016/j.combustflame.2014.07.028},
    isbn = {9781627488426},
    doi = {10.1016/j.combustflame.2014.07.028},
    issn = {15562921},
    keywords = {Leading points, Negative Markstein length, Pressure, Stretch effects, Turbulent flame speed}
}

@techreport{Lee1993,
    title = {{Simplified Jet-A Kinetic Mechanism for Combustor Application}},
    year = {1993},
    author = {Lee, Chi-Ming and Kundu, Krishna},
    url = {http://ntrs.nasa.gov/archive/nasa/casi.ntrs.nasa.gov/19930006315.pdf},
    institution = {NASA},
    address = {Reno, Nevada}
}

@article{Poludnenko2011a,
    title = {{Spontaneous transition of turbulent flames to detonations in unconfined media}},
    year = {2011},
    journal = {Physical Review Letters},
    author = {Poludnenko, Alexei Y. and Gardiner, Thomas A. and Oran, Elaine S.},
    number = {5},
    pages = {1--4},
    volume = {107},
    doi = {10.1103/PhysRevLett.107.054501},
    issn = {00319007},
    pmid = {21867073},
    arxivId = {1106.3696}
}

@article{Steinberg2012,
    title = {{Statistics and dynamics of turbulence–flame alignment in premixed combustion}},
    year = {2012},
    journal = {Combustion and Flame},
    author = {Steinberg, Adam M. and Driscoll, James F. and Swaminathan, Nedunchezhian},
    number = {8},
    month = {8},
    pages = {2576--2588},
    volume = {159},
    publisher = {The Combustion Institute.},
    doi = {10.1016/j.combustflame.2011.12.001},
    issn = {00102180},
    keywords = {flame alignment, turbulence, turbulent premixed flames}
}

@article{Faeth1995,
    title = {{Structure and breakup properties of sprays}},
    year = {1995},
    journal = {International Journal of Multiphase Flow},
    author = {Faeth, G. M. and Hsiang, L. P. and Wu, P. K.},
    number = {Suppl},
    pages = {99--127},
    volume = {21},
    isbn = {0301-9322},
    doi = {10.1016/0301-9322(95)00059-7},
    issn = {03019322},
    keywords = {1, are relatively tractable, atomization, combusting sprays, dilute region far from, dispersed flow, emphasizing the, i n t r, injection, o d u c, primary breakup, secondary breakup, sprays, studies of non-combusting and, t i o n, the injector exit, there have been numerous, where observations and modeling}
}

@article{Introduction2013,
    title = {{Study of turbulent flame propagation and surface characteristics at large Reynolds numbers}},
    year = {2013},
    author = {Introduction, I},
    number = {January},
    pages = {1--9}
}

@article{Segal2008,
    title = {{Subcritical to supercritical mixing}},
    year = {2008},
    journal = {Physics of Fluids},
    author = {Segal, C. and Polikhov, S. a.},
    number = {5},
    pages = {052101},
    volume = {20},
    doi = {10.1063/1.2912055},
    issn = {10706631}
}

@phdthesis{Wood1989,
    title = {{The Development and Application of Surrogate Blends in Simulating the Combustion Performance of Distillate Aviation Fuels}},
    year = {1989},
    author = {Wood, C.},
    school = {University of California, Irvine C.A.}
}

@article{Poludnenko2011,
    title = {{The interaction of high-speed turbulence with flames: Turbulent flame speed}},
    year = {2011},
    journal = {Combustion and Flame},
    author = {Poludnenko, A.Y. and Oran, E.S.},
    number = {2},
    month = {2},
    pages = {301--326},
    volume = {158},
    publisher = {The Combustion Institute.},
    doi = {10.1016/j.combustflame.2010.09.002},
    issn = {00102180},
    keywords = {turbulent premixed combustion}
}

@article{Tran2012,
    title = {{The Kraft Chemical Recovery Process}},
    year = {2012},
    journal = {TAPPI Kraft Recovery Course},
    author = {Tran, Honghi and Vakkilainnen, Esa K},
    pages = {1--8}
}

@book{Chapman1970,
    title = {{The Mathematical Theory of NonUniform Gases}},
    year = {1970},
    author = {Chapman, S. and Cowling, T. G.},
    edition = {3},
    publisher = {Cambridge University Press},
    address = {Cambridge},
    isbn = {052140844}
}

@article{Won2014,
    title = {{The role of low temperature fuel chemistry on turbulent flame propagation}},
    year = {2014},
    journal = {Combustion and Flame},
    author = {Won, Sang Hee and Windom, Bret and Jiang, Bo and Ju, Yiguang},
    number = {2},
    month = {2},
    pages = {475--483},
    volume = {161},
    publisher = {The Combustion Institute.},
    doi = {10.1016/j.combustflame.2013.08.027},
    issn = {00102180},
    keywords = {low temperature chemistry, turbulent burning velocity}
}

@incollection{Taylor1963,
    title = {{The Shape and Acceleration of a Drop in a High Speed Air Stream}},
    year = {1963},
    booktitle = {The Scientific Papers of G. I. Taylor, ed. G. K. Batchelor, University Press Cambridge},
    author = {Taylor, G. I.},
    pages = {457--464},
    volume = {3},
    isbn = {1111111111}
}

@article{Sponfeldner2015,
    title = {{The structure of turbulent flames in fractal- and regular-grid-generated turbulence}},
    year = {2015},
    journal = {Combustion and Flame},
    author = {Sponfeldner, Thomas and Soulopoulos, Nikolaos and Beyrau, Frank and Hardalupas, Yannis and Taylor, Alex M.K.P. and Vassilicos, J. Christos},
    number = {9},
    pages = {3379--3393},
    volume = {162},
    publisher = {The Combustion Institute},
    url = {http://linkinghub.elsevier.com/retrieve/pii/S0010218015001820},
    doi = {10.1016/j.combustflame.2015.06.004},
    issn = {00102180},
    keywords = {Conditioned particle image velocimetry, Fractal grids, Multi-scale grids, Turbulence–flame interaction, Turbulent burning velocity, Turbulent premixed flames, turbulent burning velocity, turbulent premixed flames}
}

@article{Blanquart2007,
    title = {{Thermochemical Properties of Polycyclic Aromatic Hydrocarbons (PAH) from G3MP2B3 Calculations}},
    year = {2007},
    author = {Blanquart, Guillaume and Pitsch, Heinz},
    publisher = {American Chemical Society},
    doi = {10.1021/JP068579W}
}

@incollection{Smyth2001,
    title = {{Three-dimensional (3d) Turbulence}},
    year = {2001},
    booktitle = {Encyclopedia of Ocean Sciences},
    author = {Smyth, W.D. and Moum, J.N.},
    pages = {2947--2955},
    publisher = {Elsevier},
    url = {http://linkinghub.elsevier.com/retrieve/pii/B012227430X001343},
    doi = {10.1006/rwos.2001.0134}
}

@book{Bird1960,
    title = {{Transport Phenomena}},
    year = {1960},
    author = {Bird, R. B. and Stewart, W. E. and Lightfoot, E. N.},
    publisher = {John Wiley {\&} Sons, Inc.},
    address = {New York},
    isbn = {047107392X}
}

@misc{Stewart1969,
    title = {{Turbulence}},
    year = {1969},
    author = {Stewart, R.W. W W},
    publisher = {National Committee for Fluid Mechanics Films},
    url = {http://web.mit.edu/hml/ncfmf.html}
}

@misc{Stewart1969b,
    title = {{Turbulence}},
    year = {1969},
    author = {Stewart, R W W W},
    publisher = {National Committee for Fluid Mechanics Films},
    url = {http://web.mit.edu/hml/ncfmf.html}
}

@article{Lipatnikov2002,
    title = {{TURBULENT BURNING VELOCITY AND SPEED OF DEVELOPING ,}},
    year = {2002},
    author = {Lipatnikov, Andrei and Chomiak, Jerzy},
    pages = {2113--2121},
    volume = {29}
}

@article{Kitagawa2008,
    title = {{Turbulent burning velocity of hydrogen–air premixed propagating flames at elevated pressures}},
    year = {2008},
    journal = {International Journal of Hydrogen Energy},
    author = {Kitagawa, T and Nakahara, T and Maruyama, K and Kado, K and Hayakawa, A and Kobayashi, S},
    number = {20},
    month = {10},
    pages = {5842--5849},
    volume = {33},
    url = {http://linkinghub.elsevier.com/retrieve/pii/S036031990800726X},
    doi = {10.1016/j.ijhydene.2008.06.013},
    issn = {03603199}
}

@incollection{Cheng2009,
    title = {{Turbulent Combustion Properties of Premixed Syngas}},
    year = {2009},
    booktitle = {Synthesis Gas Combustion: Fundamentals and Applications},
    author = {Cheng, R. K.},
    editor = {Lieuwen, T.C. and V., Yang and Yetter, R. A.},
    pages = {403},
    address = {Boca Raton, FL}
}

@article{Troiani2013,
    title = {{Turbulent consumption speed via local dilatation rate measurements in a premixed bunsen jet}},
    year = {2013},
    journal = {Combustion and Flame},
    author = {Troiani, Guido and Battista, Francesco and Picano, Francesco},
    number = {10},
    month = {10},
    pages = {2029--2037},
    volume = {160},
    publisher = {The Combustion Institute.},
    doi = {10.1016/j.combustflame.2013.04.013},
    issn = {00102180},
    keywords = {Flame stretch, Flamelet, LIF, PIV, Premixed combustion, Turbulent combustion}
}

@article{Marshall2014,
    title = {{Turbulent Consumption Speeds of High Hydrogen Content Fuels}},
    year = {2014},
    author = {Marshall, Andrew D and Seitzman, Jerry M and Lieuwen, Tim C},
    number = {January},
    pages = {1--8},
    volume = {136},
    doi = {10.1115/1.4025210}
}

@article{Venkateswaran2013,
    title = {{Turbulent Consumption Speeds of High Hydrogen Content Fuels From 1–20 atm}},
    year = {2013},
    journal = {Journal of Engineering for Gas Turbines and Power},
    author = {Venkateswaran, Prabhakar and Marshal, A and Seitzman, J and Lieuwen, T},
    number = {1},
    month = {10},
    pages = {011504},
    volume = {136},
    doi = {10.1115/1.4025210},
    issn = {0742-4795}
}

@article{Lipatnikov2002a,
    title = {{Turbulent flame speed and thickness: Phenomenology, evaluation, and application in multi-dimensional simulations}},
    year = {2002},
    journal = {Progress in Energy and Combustion Science},
    author = {Lipatnikov, A. N. and Chomiak, J.},
    number = {1},
    pages = {1--74},
    volume = {28},
    doi = {10.1016/S0360-1285(01)00007-7},
    issn = {03601285},
    keywords = {Numerical simulations, Phenomenology, Premixed turbulent combustion, Turbulent flame speed}
}

@article{DRISCOLL2008,
    title = {{Turbulent premixed combustion: Flamelet structure and its effect on turbulent burning velocities}},
    year = {2008},
    journal = {Progress in Energy and Combustion Science},
    author = {Driscoll, J},
    number = {1},
    month = {2},
    pages = {91--134},
    volume = {34},
    url = {http://www.sciencedirect.com/science/article/pii/S0360128507000263},
    doi = {10.1016/j.pecs.2007.04.002},
    issn = {03601285},
    keywords = {Burning velocity, Combustion, Flamelet, Premixed, Turbulent}
}

@article{Schlup2016,
    title = {{Validation of a mixture-averaged thermal diffusion model for premixed lean hydrogen flames}},
    year = {2016},
    journal = {Combustion Theory and Modelling2},
    author = {Schlup, Jason and Blanquart, Guillaume},
    doi = {Submitted}
}

@article{Ratzke2015,
    title = {{Validation of turbulent flame speed models for methane-air-mixtures at high pressure gas engine conditions}},
    year = {2015},
    journal = {Combustion and Flame},
    author = {Ratzke, Ansgar and Sch{\"{o}}ffler, Tobias and Kuppa, Kalyan and Dinkelacker, Friedrich},
    number = {7},
    pages = {2778--2787},
    volume = {162},
    publisher = {The Combustion Institute},
    url = {http://dx.doi.org/10.1016/j.combustflame.2015.04.011},
    doi = {10.1016/j.combustflame.2015.04.011},
    issn = {15562921},
    keywords = {Charge dilution, High pressure, Laminar flame speed, Methane-air, Single cylinder gas engine, Turbulent flame speed}
}

@article{Oh2013,
    title = {{Vaporization of a liquid hexanes jet in cross flow}},
    year = {2013},
    journal = {International Journal of Multiphase Flow},
    author = {Oh, Jeongseog and Lee, Jong Guen and Lee, Wonnam},
    pages = {151--158},
    volume = {57},
    publisher = {Elsevier Ltd},
    url = {http://dx.doi.org/10.1016/j.ijmultiphaseflow.2013.08.002},
    doi = {10.1016/j.ijmultiphaseflow.2013.08.002},
    issn = {03019322},
    keywords = {Hexanes vapor concentration, Infrared laser extinction method, Jet-in-crossflow, Lab-scale test section, Plain orifice-type injector}
}

@article{Katta2013a,
    title = {{Vortex / Flame Interactions and Transition to Turbulence}},
    year = {2013},
    author = {Katta, Viswanath R}
}

@article{Bobbitt2016,
    title = {{Vorticity transformation in high Karlovitz number premixed flames}},
    year = {2016},
    journal = {Physics of Fluids},
    author = {Bobbitt, Brock and Lapointe, Simon and Blanquart, Guillaume},
    number = {1},
    volume = {28},
    url = {http://dx.doi.org/10.1063/1.4937947},
    doi = {10.1063/1.4937947},
    issn = {10897666}
}

@article{Chaplin2007,
    title = {{Water's Hydrogen Bond Strength}},
    year = {2007},
    journal = {arXiv},
    author = {Chaplin, M},
    pages = {1--20},
    volume = {cond-mat.s},
    url = {http://arxiv.org/abs/0706.1355v1{\textbackslash}npapers://738050a5-892d-42fc-96d0-8ffa693f2594/Paper/p16515},
    isbn = {9781925138214},
    arxivId = {0706.1355},
    keywords = {cond-mat.soft, physics.bio-ph}
}

@article{Borghesi2015iAConditions,
    title = {{<i>A priori</i> and <i>a posteriori</i> investigations for developing large eddy simulations of multi-species turbulent mixing under high-pressure conditions}},
    year = {2015},
    journal = {Physics of Fluids},
    author = {Borghesi, Giulio and Bellan, Josette},
    number = {3},
    month = {3},
    pages = {035117},
    volume = {27},
    publisher = {AIP Publishing LLC},
    url = {http://aip.scitation.org/doi/10.1063/1.4916284},
    doi = {10.1063/1.4916284},
    issn = {1070-6631},
    keywords = {entropy, flow simulation, heat transfer, mass transfer, numerical analysis, tensors, turbulence}
}

@article{Savard2015AChemistry,
    title = {{A computationally-efficient, semi-implicit, iterative method for the time-integration of reacting flows with stiff chemistry}},
    year = {2015},
    journal = {Journal of Computational Physics},
    author = {Savard, B. and Xuan, Y. and Bobbitt, B. and Blanquart, G.},
    pages = {740--769},
    volume = {295},
    doi = {10.1016/j.jcp.2015.04.018},
    issn = {00219991}
}

@article{Sapienza1996ACoordinates,
    title = {{A Finite-Difference Scheme for Three-Dimensional Incompressible Flows in Cylindrical Coordinates}},
    year = {1996},
    author = {Sapienza, La and Eudossiana, Via and Uni, Aeronautica},
    number = {123},
    pages = {402--414},
    volume = {414}
}

@article{Coltrin1986ADeposition,
    title = {{A Mathematical Model of Silicon Chemical Vapor Deposition}},
    year = {1986},
    journal = {Journal of The Electrochemical Society},
    author = {Coltrin, Michael E. and Kee, Robert J. and Miller, James A.},
    number = {6},
    pages = {1206},
    volume = {133},
    publisher = {The Electrochemical Society},
    url = {http://jes.ecsdl.org/cgi/doi/10.1149/1.2108820},
    doi = {10.1149/1.2108820},
    issn = {00134651}
}

@article{Lam2013AAbsorption,
    title = {{A Shock Tube Study of H2  + OH → H2O + H Using OH Laser Absorption}},
    year = {2013},
    journal = {International Journal of Chemical Kinetics},
    author = {Lam, King-Yiu and Davidson, David F. and Hanson, Ronald K.},
    number = {6},
    month = {6},
    pages = {363--373},
    volume = {45},
    url = {http://doi.wiley.com/10.1002/kin.20771},
    doi = {10.1002/kin.20771}
}

@article{Regele2013AFlames,
    title = {{A two-equation model for non-unity Lewis number differential diffusion in lean premixed laminar flames}},
    year = {2013},
    journal = {Combustion and Flame},
    author = {Regele, Jonathan D. and Knudsen, Edward and Pitsch, Heinz and Blanquart, Guillaume},
    number = {2},
    pages = {240--250},
    volume = {160},
    doi = {10.1016/j.combustflame.2012.10.004},
    issn = {00102180}
}

@article{Wilke1950AMixtures,
    title = {{A Viscosity Equation for Gas Mixtures}},
    year = {1950},
    journal = {The Journal of Chemical Physics},
    author = {Wilke, C. R. and R., C.},
    number = {4},
    month = {4},
    pages = {517--519},
    volume = {18},
    url = {http://aip.scitation.org/doi/10.1063/1.1747673},
    doi = {10.1063/1.1747673},
    issn = {0021-9606}
}

@misc{AllPeople,
    title = {{All countries compared for Transport; Road; Motor vehicles per 1000 people}},
    url = {http://www.nationmaster.com/country-info/stats/Transport/Road/Motor-vehicles-per-1000-people}
}

@article{Ambikasaran2017AnVelocities,
    title = {{An accurate, fast, mathematically robust, universal, non-iterative algorithm for computing multi-component diffusion velocities}},
    year = {2017},
    journal = {Proceedings of the Combustion Institute},
    author = {Ambikasaran, Sivaram and Narayanaswamy, Krithika},
    number = {1},
    pages = {507--515},
    volume = {36},
    doi = {10.1016/j.proci.2016.05.055},
    issn = {15407489}
}

@article{Hong2011AnMeasurements,
    title = {{An improved H2/O2 mechanism based on recent shock tube/laser absorption measurements}},
    year = {2011},
    journal = {Combustion and Flame},
    author = {Hong, Zekai and Davidson, David F. and Hanson, Ronald K.},
    number = {4},
    pages = {633--644},
    volume = {158},
    doi = {10.1016/j.combustflame.2010.10.002},
    issn = {00102180}
}

@book{Turns2011AnApplications,
    title = {{An Introduction to Combustion Concepts and Applications}},
    year = {2011},
    author = {Turns, Stephen R.}
}

@article{Burali2016AssessmentFlows,
    title = {{Assessment of the constant non-unity Lewis number assumption in chemically-reacting flows}},
    year = {2016},
    journal = {Combustion Theory and Modelling},
    author = {Burali, Nicholas and Lapointe, Simon and Bobbitt, Brock and Blanquart, Guillaume and Xuan, Yuan},
    number = {4},
    month = {7},
    pages = {632--657},
    volume = {20},
    publisher = {Taylor {\&} Francis},
    url = {http://www.tandfonline.com/doi/full/10.1080/13647830.2016.1164344},
    doi = {10.1080/13647830.2016.1164344},
    issn = {1364-7830},
    keywords = {Lewis numbers, computational cost, laminar flames, transport properties, turbulent flames}
}

@article{2015At19,
    title = {{at 4:01 PM (submitted via Canvas) 2. Presentation – May 19}},
    year = {2015},
    pages = {1--2}
}

@article{EnergySciencesWorkshopBasicFuels,
    title = {{Basic Research Needs for Clean and Efficient Combustion of 21st Century Transportation Fuels}},
    author = {Energy Sciences Workshop, Basic},
    keywords = {BES, Combustion, Fuels, Transportation}
}

@article{Warnatz1978CalculationFlames,
    title = {{Calculation of the Structure of Laminar Flat Flames I: Flame Velocity of Freely Propagating Ozone Decomposition Flames}},
    year = {1978},
    journal = {Berichte der Bunsengesellschaft f{\"{u}}r physikalische Chemie},
    author = {Warnatz, J.},
    number = {2},
    month = {2},
    pages = {193--200},
    volume = {82},
    publisher = {Wiley‐VCH Verlag GmbH {\&} Co. KGaA},
    url = {http://doi.wiley.com/10.1002/bbpc.197800010},
    doi = {10.1002/bbpc.197800010},
    issn = {00059021},
    keywords = {Flammen, Reaktionskinetik, Transporterscheinungen}
}

@inproceedings{Guyot2010CH/OHConditions,
    title = {{CH*/OH* Chemiluminescence Response of an Atmospheric Premixed Flame Under Varying Operating Conditions}},
    year = {2010},
    booktitle = {Volume 2: Combustion, Fuels and Emissions, Parts A and B},
    author = {Guyot, Daniel and Guethe, Felix and Schuermans, Bruno and Lacarelle, Arnaud and Paschereit, Christian Oliver},
    pages = {933--944},
    publisher = {ASME},
    url = {http://proceedings.asmedigitalcollection.asme.org/proceeding.aspx?articleid=1608265},
    isbn = {978-0-7918-4397-0},
    doi = {10.1115/GT2010-23135}
}

@misc{Kee1989Chemkin-II:Kinetics,
    title = {{Chemkin-II: A Fortran chemical kinetics package for the analysis of gas-phase chemical kinetics}},
    year = {1989},
    author = {Kee, R.J. and Rupley, F.M. and Miller, J.A.},
    keywords = {c codes, chemical reaction kinetics, chemical reactions, computer codes, computerized simulation, document types, fortran, kinetics, manuals, physical properties, programming languages, reaction kinetics, thermodynamic properties}
}

@article{Kee1996CHEMKIN-III:Report,
    title = {{CHEMKIN-III: A Fortran Chemical Kinetics Package for the Analysis of Gas Phase Chemical and Plasma Kinetics,{\&}quot; Sandia National Laboratories Report}},
    year = {1996},
    author = {Kee, Robert J. and Kee, Robert J. and Rupley, Fran M. and Meeks, Ellen and Miller, James A.},
    pages = {96--8216},
    url = {http://citeseerx.ist.psu.edu/viewdoc/summary?doi=10.1.1.476.6214}
}

@book{Law2006CombustionPhysics,
    title = {{Combustion Physics}},
    year = {2006},
    author = {Law, C.K.},
    edition = {1},
    pages = {84--140},
    publisher = {Cambridge University Press},
    address = {New York},
    isbn = {9780521870528}
}

@book{Lambert1973ComputationalEquations,
    title = {{Computational methods in ordinary differential equations,}},
    year = {1973},
    author = {Lambert, J. D. (John Denholm)},
    pages = {278},
    publisher = {Wiley},
    isbn = {0471511943}
}

@article{Shy2015CorrelationsNumbers,
    title = {{Correlations of high-pressure lean methane and syngas turbulent burning velocities: Effects of turbulent Reynolds, Damk{\"{o}}hler, and Karlovitz numbers}},
    year = {2015},
    journal = {Proceedings of the Combustion Institute},
    author = {Shy, S.S. and Liu, C.C. and Lin, J.Y. and Chen, L.L. and Lipatnikov, A.N. and Yang, S.I.},
    number = {2},
    pages = {1509--1516},
    volume = {35},
    doi = {10.1016/j.proci.2014.07.026},
    issn = {15407489}
}

@article{Troiani2015ExperimentalFlames,
    title = {{Experimental investigation of Darrieus–Landau instability effects on turbulent premixed flames}},
    year = {2015},
    journal = {Proceedings of the Combustion Institute},
    author = {Troiani, G. and Creta, F. and Matalon, M.},
    number = {2},
    pages = {1451--1459},
    volume = {35},
    doi = {10.1016/j.proci.2014.07.060},
    issn = {15407489}
}

@article{Tamadonfar2014FlameFlames,
    title = {{Flame brush characteristics and burning velocities of premixed turbulent methane/air Bunsen flames}},
    year = {2014},
    journal = {Combustion and Flame},
    author = {Tamadonfar, Parsa and G{\"{u}}lder, Ömer L.},
    number = {12},
    pages = {3154--3165},
    volume = {161},
    doi = {10.1016/j.combustflame.2014.06.014},
    issn = {00102180}
}

@article{Tamadonfar2014FlameFlamesb,
    title = {{Flame brush characteristics and burning velocities of premixed turbulent methane/air Bunsen flames}},
    year = {2014},
    journal = {Combustion and Flame},
    author = {Tamadonfar, Parsa and G{\"{u}}lder, Ömer L.},
    number = {12},
    pages = {3154--3165},
    volume = {161},
    doi = {10.1016/j.combustflame.2014.06.014},
    issn = {00102180}
}

@article{Dixon-Lewis1968FlameSystems,
    title = {{Flame Structure and Flame Reaction Kinetics. II. Transport Phenomena in Multicomponent Systems}},
    year = {1968},
    journal = {Proceedings of the Royal Society of London A: Mathematical, Physical and Engineering Sciences},
    author = {Dixon-Lewis, G.},
    number = {1488},
    volume = {307}
}

@book{White2010FluidMechanics,
    title = {{Fluid Mechanics}},
    year = {2010},
    author = {White, Frank},
    editor = {Stenquist, Bill and Bilecki, Melinda D.},
    edition = {7},
    publisher = {McGraw-Hill},
    address = {New York},
    isbn = {978-0-07-293844-9}
}

@article{Lapointe2016FuelFlames,
    title = {{Fuel and chemistry effects in high Karlovitz premixed turbulent flames}},
    year = {2016},
    journal = {Combustion and Flame},
    author = {Lapointe, Simon and Blanquart, Guillaume},
    pages = {294--307},
    volume = {167},
    doi = {10.1016/j.combustflame.2016.01.035},
    issn = {00102180}
}

@book{Council2014Future2017-2020,
    title = {{Future Directions for NSF Advanced Computing Infrastructure to Support U.S. Science and Engineering in 2017-2020}},
    year = {2014},
    author = {Council, National Research},
    month = {11},
    publisher = {National Academies Press},
    url = {http://www.nap.edu/catalog/18972},
    address = {Washington, D.C.},
    isbn = {978-0-309-31379-7},
    doi = {10.17226/18972}
}

@article{Orloff1988GeneralFires,
    title = {{General correlations of chemical species in turbulent fires}},
    year = {1988},
    journal = {Symposium (International) on Combustion},
    author = {Orloff, L. and Ris, J. De and Delichatsios, M.A.},
    number = {1},
    volume = {21}
}

@book{Bruun1995HotAnalysis,
    title = {{Hot wire anemometry : principles and signal analysis}},
    year = {1995},
    author = {Bruun, H. H.},
    publisher = {Oxford University Press},
    isbn = {9780198563426}
}

@article{Allen2013JPModeling,
    title = {{JP ‑ 5 and HRJ ‑ 5 Autoignition Characteristics and Surrogate Modeling}},
    year = {2013},
    author = {Allen, Casey and Valco, Daniel and Toulson, Elisa and Yoo, Ji Hyung and Lee, Tonghun}
}

@article{Littlejohn2010LaboratorySyngases,
    title = {{Laboratory Investigations of Low-Swirl Injectors Operating With Syngases}},
    year = {2010},
    journal = {Journal of Engineering for Gas Turbines and Power},
    author = {Littlejohn, David and Cheng, Robert K. and Noble, D. R. and Lieuwen, Tim},
    number = {1},
    pages = {011502},
    volume = {132},
    publisher = {American Society of Mechanical Engineers},
    url = {http://GasTurbinesPower.asmedigitalcollection.asme.org/article.aspx?articleid=1474883},
    doi = {10.1115/1.3124662},
    issn = {07424795},
    keywords = {Channels (Hydraulic engineering), Combustion, Ejectors, Flames, Flow (Dynamics), Fuels, Syngas, Turbulence}
}

@article{Hui2013LaminarPressures,
    title = {{Laminar flame speeds of transportation-relevant hydrocarbons and jet fuels at elevated temperatures and pressures}},
    year = {2013},
    journal = {Fuel},
    author = {Hui, Xin and Sung, Chih-Jen},
    pages = {191--200},
    volume = {109},
    doi = {10.1016/j.fuel.2012.12.084},
    issn = {00162361}
}

@misc{LiteratureSpeed,
    title = {{Literature Review of Turbulent Flame Speed}}
}

@article{Hemchandra2010LocalEffects,
    title = {{Local consumption speed of turbulent premixed flames – An analysis of “memory effects”}},
    year = {2010},
    journal = {Combustion and Flame},
    author = {Hemchandra, Santosh and Lieuwen, Tim},
    number = {5},
    pages = {955--965},
    volume = {157},
    doi = {10.1016/j.combustflame.2009.10.007},
    issn = {00102180}
}

@article{Zheng2003MeasurementsFlames,
    title = {{Measurements and Calculations of Spectral Radiation Intensities for Turbulent Non-Premixed and Partially Premixed Flames}},
    year = {2003},
    journal = {Journal of Heat Transfer},
    author = {Zheng, Yuan and Barlow, R. S. and Gore, Jay P.},
    number = {4},
    pages = {678},
    volume = {125},
    doi = {10.1115/1.1589502},
    issn = {00221481}
}

@article{Lam2006MulticomponentRevisited,
    title = {{Multicomponent diffusion revisited}},
    year = {2006},
    author = {Lam, S H},
    doi = {10.1063/1.2221312͔}
}

@article{Giovangigli2015MulticomponentFlames,
    title = {{Multicomponent transport in laminar flames}},
    year = {2015},
    journal = {Proceedings of the Combustion Institute},
    author = {Giovangigli, Vincent},
    number = {1},
    pages = {625--637},
    volume = {35},
    doi = {10.1016/j.proci.2014.08.011},
    issn = {15407489}
}

@techreport{2013NJFCPData,
    title = {{NJFCP Fuel Data}},
    year = {2013},
    url = {http://altjetfuels.illinois.edu/documents/njfcp-fuel-data-feb-04-2014/},
    institution = {Federal Aviation Administration}
}

@article{Gore1986NoFlames,
    title = {{No TitleStructure and radiation properties of large-scale natural gas/air diffusion flames}},
    year = {1986},
    journal = {Fire and Materials},
    author = {Gore, J P and Faeth, G M and Evans, D. and Pfenning, D. B.},
    number = {3-4},
    pages = {161--169},
    volume = {10}
}

@article{Bastiaans2012NumericalCombustion,
    title = {{Numerical simulation of instabilities in lean premixed hydrogen combustion}},
    year = {2012},
    journal = {International Journal of Numerical Methods for Heat {\&} Fluid Flow},
    author = {Bastiaans, Rob and Vreman, A.W.},
    number = {1},
    month = {1},
    pages = {112--128},
    volume = {22},
    publisher = {Emerald Group Publishing Limited},
    url = {http://www.emeraldinsight.com/doi/10.1108/09615531211188829},
    doi = {10.1108/09615531211188829},
    issn = {0961-5539},
    keywords = {Chemical kinetics, Chemical reduction, Fire, Flamelet generated manifolds, Hydrogen, Hydrogen combustion, Instabilities, Premixed, Simulation}
}

@article{Coelho2007NumericalFlows,
    title = {{Numerical simulation of the interaction between turbulence and radiation in reactive flows}},
    year = {2007},
    journal = {Progress in Energy and Combustion Science},
    author = {Coelho, P. J.},
    number = {4},
    pages = {311--383},
    volume = {33},
    isbn = {0360-1285},
    doi = {10.1016/j.pecs.2006.11.002},
    issn = {03601285}
}

@article{Hong2013OnAbsorption,
    title = {{On the rate constants of OH+HO2 and HO2+HO2: A comprehensive study of H2O2 thermal decomposition using multi-species laser absorption}},
    year = {2013},
    journal = {Proceedings of the Combustion Institute},
    author = {Hong, Zekai and Lam, King-Yiu and Sur, Ritobrata and Wang, Shengkai and Davidson, David F. and Hanson, Ronald K.},
    number = {1},
    pages = {565--571},
    volume = {34},
    doi = {10.1016/j.proci.2012.06.108},
    issn = {15407489}
}

@incollection{Borghi1985OnFlames,
    title = {{On the Structure and Morphology of Turbulent Premixed Flames}},
    year = {1985},
    booktitle = {Recent Advances in the Aerospace Sciences},
    author = {Borghi, R.},
    pages = {117--138},
    publisher = {Springer US},
    url = {http://link.springer.com/10.1007/978-1-4684-4298-4{\_}7},
    address = {Boston, MA},
    doi = {10.1007/978-1-4684-4298-4{\_}7}
}

@article{Venkateswaran2013PressureBlends,
    title = {{Pressure and fuel effects on turbulent consumption speeds of H2/CO blends}},
    year = {2013},
    journal = {Proceedings of the Combustion Institute},
    author = {Venkateswaran, Prabhakar and Marshall, Andrew and Seitzman, Jerry and Lieuwen, Tim},
    number = {1},
    pages = {1527--1535},
    volume = {34},
    doi = {10.1016/j.proci.2012.06.077},
    issn = {15407489}
}

@article{Kapaku2014QuantitativeFlame,
    title = {{Quantitative imaging of radiation intensity from a turbulent sooting jet flame}},
    year = {2014},
    journal = {Combustion and Flame},
    author = {Kapaku, R and Rankin, B a and Gore, J P},
    pages = {1--7},
    volume = {000},
    publisher = {Elsevier Ltd.},
    doi = {10.1016/j.combustflame.2015.07.009}
}

@article{Newale2014QuantitativeFlames,
    title = {{Quantitative infrared imaging of impinging turbulent buoyant diffusion flames}},
    year = {2014},
    journal = {Proceedings of the Combustion Institute},
    author = {Newale, Ashish S. and Rankin, Brent a. and Lalit, Harshad U. and Gore, Jay P. and McDermott, Randall J.},
    number = {3},
    pages = {2647--2655},
    volume = {35},
    publisher = {The Combustion Institute},
    doi = {10.1016/j.proci.2014.05.115},
    issn = {15407489}
}

@article{Rankin2014QuantitativePlume,
    title = {{Quantitative model-based imaging of mid-infrared radiation from a turbulent nonpremixed jet flame and plume}},
    year = {2014},
    journal = {COMBUSTION AND FLAME},
    author = {Rankin, Brent A and Ihme, Matthias and Gore, Jay P},
    publisher = {The Combustion Institute},
    doi = {10.1016/j.combustflame.2014.10.019},
    issn = {0010-2180}
}

@misc{Qui2011.pdf,
    title = {{Qui Comb Science and Tech 2011.pdf}}
}

@article{Molina2007RadiativeFires,
    title = {{Radiative fraction and optical thickness in large-scale hydrogen-jet fires}},
    year = {2007},
    journal = {Proceedings of the Combustion Institute},
    author = {Molina, Alejandro and Schefer, Robert W. and Houf, William G.},
    pages = {2565--2572},
    volume = {31 II},
    isbn = {1540-7489},
    doi = {10.1016/j.proci.2006.08.060},
    issn = {15407489}
}

@article{Medwell2007SimultaneousCoflow,
    title = {{Simultaneous imaging of OH, formaldehyde, and temperature of turbulent nonpremixed jet flames in a heated and diluted coflow}},
    year = {2007},
    journal = {Combustion and Flame},
    author = {Medwell, Paul R. and Kalt, P. a M and Dally, Bassam B.},
    number = {1-2},
    month = {1},
    pages = {48--61},
    volume = {148},
    url = {http://linkinghub.elsevier.com/retrieve/pii/S0010218006002409},
    doi = {10.1016/j.combustflame.2006.10.002},
    issn = {00102180},
    keywords = {Formaldehyde, MILD, Nonpremixed, OH, Rayleigh}
}

@book{Hairer1996SolvingII,
    title = {{Solving Ordinary Differential Equations II}},
    year = {1996},
    author = {Hairer, Ernst and Wanner, Gerhard},
    series = {Springer Series in Computational Mathematics},
    volume = {14},
    publisher = {Springer Berlin Heidelberg},
    url = {http://link.springer.com/10.1007/978-3-642-05221-7},
    address = {Berlin, Heidelberg},
    isbn = {978-3-642-05220-0},
    doi = {10.1007/978-3-642-05221-7}
}

@article{Gore1987SpectralFlames,
    title = {{Spectral and Total Radiation Properties of Turbulent Hydrogen/Air Diffusion Flames}},
    year = {1987},
    journal = {ASME J. Heat Transfer},
    author = {Gore, J P and Jeng, S M and Faeth, G M},
    number = {1},
    pages = {165--171},
    volume = {109}
}

@article{Nakahara2008StudyHydrocarbon,
    title = {{Study on the Turbulent Burning Velocity of Hydrogen Mixtures Including Hydrocarbon}},
    year = {2008},
    journal = {AIAA Journal},
    author = {Nakahara, M. and Kido, H.},
    number = {7},
    month = {7},
    pages = {1569--1575},
    volume = {46},
    url = {http://arc.aiaa.org/doi/10.2514/1.23560},
    doi = {10.2514/1.23560},
    issn = {0001-1452}
}

@book{Lieuwen2010SynthesisApplications,
    title = {{Synthesis gas combustion : fundamentals and applications}},
    year = {2010},
    author = {Lieuwen, Timothy C. and Yang, Vigor. and Yetter, Richard A.},
    pages = {403},
    publisher = {CRC Press},
    isbn = {9781420085341}
}

@article{Dworkin2009TheFlames,
    title = {{The impact of detailed multicomponent transport and thermal diffusion effects on soot formation in ethylene/air flames}},
    year = {2009},
    journal = {Proceedings of the Combustion Institute},
    author = {Dworkin, S.B. and Smooke, M.D. and Giovangigli, V.},
    number = {1},
    pages = {1165--1172},
    volume = {32},
    doi = {10.1016/j.proci.2008.05.061},
    issn = {15407489}
}

@article{Grcar2009TheFlames,
    title = {{The Soret Effect in Naturally Propagating, Premixed, Lean, Hydrogen-Air Flames}},
    year = {2009},
    journal = {Proceedings of the Combustion Institute},
    author = {Grcar, Joseph F and Bell, John B and Day, Marcus S},
    pages = {1173--1180},
    volume = {32}
}

@article{Grcar2009TheFlamesb,
    title = {{The Soret effect in naturally propagating, premixed, lean, hydrogen–air flames}},
    year = {2009},
    journal = {Proceedings of the Combustion Institute},
    author = {Grcar, Joseph F. and Bell, John B. and Day, Marcus S.},
    number = {1},
    pages = {1173--1180},
    volume = {32},
    doi = {10.1016/j.proci.2008.06.075},
    issn = {15407489}
}

@article{Ahlborn2009ThermodynamicsTurbulence,
    title = {{Thermodynamics of Turbulence}},
    year = {2009},
    author = {Ahlborn, Boye and Curzon, Frank and Noack, Bernd R and Schlegel, Michael and Tadmor, Gilead},
    number = {June},
    pages = {22--24}
}

@inproceedings{Pitsch1996Three-DimensionalApproach,
    title = {{Three-Dimensional Modeling of NOx and Soot Formation in DI-Diesel Engines Using Detailed Chemistry Based on the Interactive Flamelet Approach}},
    year = {1996},
    author = {Pitsch, H. and Barths, H. and Peters, N.},
    month = {10},
    url = {http://papers.sae.org/962057/},
    doi = {10.4271/962057},
    issn = {0148-7191}
}

@book{Council2011TransformingCyberinfrastructure,
    title = {{Transforming Combustion Research through Cyberinfrastructure}},
    year = {2011},
    author = {Council, National Research},
    month = {5},
    publisher = {National Academies Press},
    url = {http://www.nap.edu/catalog/13049},
    address = {Washington, D.C.},
    isbn = {978-0-309-16387-3},
    doi = {10.17226/13049}
}

@article{Curtiss1949TransportMixtures,
    title = {{Transport Properties of Multicomponent Gas Mixtures}},
    year = {1949},
    journal = {The Journal of Chemical Physics},
    author = {Curtiss, Charles F. and Hirschfelder, Joseph O.},
    number = {6},
    month = {6},
    pages = {550--555},
    volume = {17},
    publisher = {American Institute of Physics},
    url = {http://aip.scitation.org/doi/10.1063/1.1747319},
    doi = {10.1063/1.1747319},
    issn = {0021-9606}
}

@article{TrialRun,
    title = {{Trial Run}}
}

@article{Burluka2016TurbulentHydrocarbons,
    title = {{Turbulent burning rates of gasoline components, Part 1 – Effect of fuel structure of C6 hydrocarbons}},
    year = {2016},
    journal = {Fuel},
    author = {Burluka, A.A. and Gaughan, R.G. and Griffiths, J.F. and Mandilas, C. and Sheppard, C.G.W. and Woolley, R.},
    pages = {347--356},
    volume = {167},
    doi = {10.1016/j.fuel.2015.11.020},
    issn = {00162361}
}

@article{Daniele2011TurbulentConditions,
    title = {{Turbulent flame speed for syngas at gas turbine relevant conditions}},
    year = {2011},
    journal = {Proceedings of the Combustion Institute},
    author = {Daniele, S. and Jansohn, P. and Mantzaras, J. and Boulouchos, K.},
    number = {2},
    pages = {2937--2944},
    volume = {33},
    doi = {10.1016/j.proci.2010.05.057},
    issn = {15407489}
}

@article{Kheirkhah2013TurbulentFront,
    title = {{Turbulent premixed combustion in V-shaped flames: Characteristics of flame front}},
    year = {2013},
    journal = {Physics of Fluids},
    author = {Kheirkhah, S. and Gülder, Ö. L.},
    number = {5},
    pages = {055107},
    volume = {25},
    publisher = {AIP Publishing},
    url = {http://scitation.aip.org/content/aip/journal/pof2/25/5/10.1063/1.4807073},
    doi = {10.1063/1.4807073},
    issn = {10706631}
}